3875 5725
590 873 651 940 174
849 891 987 936 roanms
1002 884 1280 936 saansanmansrs
1454 871 1499 954 [a.
1518 896 1548 939 n.

587 1065 696 1130 preces
710 1053 823 1106 vestrae
839 1042 1033 1127 porrigimus
1048 1042 1217 1127 majestati,
1233 1053 1355 1127 quanta
1377 1065 1549 1127 possumus

586 1143 754 1209 devotione
787 1142 1013 1229 supplicantes,
1045 1156 1081 1207 ut
1118 1166 1227 1208 eorum
1261 1145 1353 1230 justa
1391 1143 1549 1210 desideria

586 1245 781 1332 compleatis,
808 1258 845 1309 ut
872 1244 962 1309 exitu
989 1246 1189 1328 negotiorum
1213 1245 1299 1310 facili
1324 1258 1357 1309 et
1381 1246 1466 1310 felici
1493 1270 1547 1311 ex-

585 1345 723 1424 hilarati,
739 1345 907 1430 utriusque
922 1345 997 1408 vitre
1013 1366 1176 1410 successus
1197 1345 1287 1408 vobis
1306 1347 1544 1429 praecordialius

585 1448 734 1513 studeant
750 1448 791 1512 ab
808 1447 974 1510 Altissimo
990 1447 1171 1534 promereri.
1219 1449 1309 1513 Inter
1325 1460 1439 1512 caetera
1452 1450 1543 1513 miles

584 1549 715 1637 quidam
742 1547 917 1624 ecclesiam,
945 1571 1043 1634 quam
1066 1548 1101 1611 xl
1129 1549 1218 1614 annis
1245 1549 1429 1616 inconcusse
1452 1565 1545 1617 tenu·

582 1661 687 1728 erunt,
702 1650 746 1714 eis
763 1648 893 1714 molitur
917 1650 1044 1714 auferre
1059 1650 1120 1714 sub
1144 1663 1305 1737 praetextu
1327 1653 1544 1718 advocationis

584 1774 680 1840 quam
696 1750 849 1815 adversus
863 1749 1025 1814 ecclesiam
1043 1752 1106 1814 Dei
1122 1751 1192 1815 laici
1215 1753 1302 1840 apud
1318 1776 1375 1818 nos
1387 1756 1542 1840 pernicio-

585 1852 707 1918 sissime
739 1851 917 1916 vendicant.
976 1851 1169 1919 Trahuntur
1203 1855 1245 1919 ob
1274 1856 1335 1918 hoc
1366 1855 1408 1919 ad
1438 1856 1543 1920 sedem

582 1954 800 2040 apostolicam,
816 1976 853 2018 ac
869 1955 894 2017 si
917 1968 1045 2040 possent
1068 1955 1142 2021 inde
1164 1956 1356 2043 injuriarum
1379 1971 1541 2042 reportare

582 2056 770 2132 molestiam,
782 2056 838 2120 ubi
846 2058 923 2143 jura
934 2070 1118 2123 nascuntur.
1160 2059 1236 2138 Sed,
1247 2072 1376 2124 auctore
1388 2061 1540 2137 Domino,

583 2172 766 2225 sanctorum
782 2158 981 2224 decessorum
995 2173 1173 2224 vestrorum
1185 2162 1327 2246 vestigiis
1343 2163 1542 2238 inhaerendo,

583 2260 629 2326 ita
644 2260 740 2326 unius
756 2260 967 2325 temeritatem
982 2261 1171 2339 retundetis
1188 2277 1224 2328 ut
1240 2265 1310 2350 ejus
1326 2265 1471 2351 exemplo
1487 2264 1541 2330 alii

582 2364 733 2428 instructi
748 2361 790 2426 ad
806 2362 921 2426 similia
936 2385 1139 2449 nequaquam
1155 2364 1293 2430 audeant
1310 2366 1460 2451 aspirare.

730 2675 952 2740 EPISTOLA
977 2676 1224 2740 cnm-m
1240 2695 1393 2742 ananan.

829 2829 972 2893 Domino
986 2830 1091 2912 Papae
1102 2829 1299 2894 Aleaaadro.

624 2967 647 3029 J
652 2986 737 3031 ern
752 2962 930 3028 sanctitatis
945 2975 1061 3028 vestrae
1076 2964 1274 3044 mandatum,
1284 2965 1421 3029 nobilem
1434 2967 1536 3030 virum

582 3073 755 3154 Hugonem
782 3066 822 3128 de
848 3068 978 3129 Dovera
1004 3066 1175 3149 diligenter
1211 3067 1475 3146 commonuimus,
1499 3082 1536 3133 ut

580 3168 742 3234 monachis
754 3165 854 3231 sancti
870 3166 990 3230 Bertini
1006 3167 1167 3231 ecclesiam
1178 3167 1219 3233 de
1236 3169 1427 3253 Chillebam,
1439 3195 1536 3258 quam

580 3272 622 3335 ad
640 3273 696 3356 jus
718 3267 899 3332 monasterii
922 3268 981 3349 sui,
998 3281 1034 3333 ut
1058 3268 1218 3347 dicebant,
1234 3274 1459 3357 pertinentem,
1476 3275 1534 3337 sibi

580 3371 745 3448 violenter,
773 3381 805 3433 et
835 3369 956 3455 absque
982 3369 1108 3457 jndicio
1138 3374 1355 3456 querebantur
1385 3375 1534 3449 ablatam,

578 3472 770 3538 restitueret.
795 3470 855 3533 Ille
871 3480 977 3534 autem
995 3495 1027 3535 se
1042 3472 1200 3537 mandatis
1216 3475 1405 3561 apostolicis,
1421 3488 1452 3537 et
1465 3476 1534 3560 juri

578 3573 722 3662 promisit
748 3572 952 3637 devotissime
979 3597 1037 3661 per
1062 3576 1171 3638 omnia
1195 3578 1390 3663 pariturum:
1423 3597 1531 3640 verum

578 3676 752 3741 falsitatem
773 3698 917 3761 precum,
933 3699 1016 3764 quas
1035 3677 1126 3741 vobis
1149 3677 1293 3745 monachi
1316 3690 1532 3762 porrexerant,

578 3781 612 3843 in
625 3776 734 3842 multis
748 3776 914 3861 arguebat.
960 3778 1068 3841 Primo
1083 3778 1214 3863 quidem
1231 3777 1416 3865 jamdictam
1433 3778 1532 3841 eccle-

577 3880 653 3945 siam
671 3879 711 3945 ad
730 3879 788 3966 jus
806 3879 989 3944 monasterii
1010 3903 1072 3943 non
1093 3881 1251 3967 pertinere
1271 3876 1415 3955 assernit,
1432 3901 1528 3963 quam

576 4004 740 4068 nunquam
764 3981 873 4066 ipsius,
896 3981 946 4045 vel
967 3981 1103 4068 alicujus
1118 3981 1382 4067 praedecessorum
1400 4002 1529 4044 suorum

576 4105 704 4148 assensu
727 4082 917 4159 habuerant,
933 4082 1108 4168 praesertim
1124 4103 1225 4165 quum
1241 4102 1303 4142 non
1327 4083 1529 4158 assentiente,

575 4182 693 4247 nedum
724 4182 900 4247 reluctante
929 4182 1100 4247 fundatore
1123 4192 1225 4243 status
1251 4179 1390 4245 ecclesiae
1413 4186 1529 4247 mutari

575 4306 639 4349 non
661 4284 773 4370 possit,
796 4298 853 4351 aut
876 4284 988 4369 subjici
1012 4281 1168 4345 servituti.
1214 4282 1339 4347 Deinde
1361 4287 1531 4349 monachos

574 4408 738 4474 nunquam
750 4409 808 4451 suo
819 4386 944 4450 nomine
958 4382 1133 4470 possedisse
1145 4382 1282 4466 dicebat,
1294 4388 1349 4451 sed
1361 4387 1528 4474 cujusdam

576 4488 711 4571 odonis,
725 4511 821 4575 quem
838 4483 1066 4551 famosissimus
1087 4485 1142 4550 ille
1164 4498 1321 4573 tyrannus
1338 4502 1369 4553 et
1390 4488 1528 4552 ecclesiae
