3875 5725
504 822 517 879 l
532 818 704 899 loll—64]
910 834 1088 881 sorssors.
1394 819 1449 876 ltt

500 1009 619 1071 regem,
634 1009 753 1051 moram
776 986 877 1062 vobis,
899 999 930 1051 et
951 985 1100 1058 reditum,
1116 986 1143 1048 si
1164 982 1352 1068 expedierit,
1368 1004 1449 1067 pras·

500 1089 654 1172 paraturi.
701 1089 733 1152 Si
750 1112 826 1173 ergo
841 1087 976 1172 diligitis
993 1087 1155 1151 ecclesiam
1178 1098 1326 1161 vestram,
1342 1083 1368 1147 si
1383 1084 1451 1147 ani·

499 1208 582 1252 mam
600 1202 749 1266 vestram,
764 1189 861 1253 immo
877 1189 954 1274 quia
969 1202 1141 1274 utramque
1161 1185 1306 1270 diligitis,
1321 1199 1451 1271 accepta

498 1295 739 1376 opportunitate
762 1291 862 1357 redire
886 1315 947 1355 non
978 1290 1142 1364 differatis,
1167 1311 1216 1369 ne,
1244 1289 1332 1374 quod
1353 1287 1448 1363 absit,

497 1394 584 1478 quod
598 1417 681 1480 saepe
693 1395 842 1471 diximus,
858 1395 935 1458 fiant
950 1393 1142 1459 conditionis
1158 1406 1270 1455 vestrae
1281 1391 1450 1454 novissima

497 1515 621 1580 semper
636 1495 793 1559 deteriora
809 1495 980 1580 prioribus.
1005 1493 1176 1558 Potestatis
1187 1494 1270 1557 enim
1281 1516 1300 1556 a
1310 1493 1450 1556 Domino

497 1595 679 1660 constitutae
693 1596 910 1681 geminabitur
925 1596 1114 1680 indignatio,
1131 1597 1157 1659 si
1179 1608 1356 1678 porrectam
1377 1616 1450 1678 gra-

499 1696 574 1760 tiam
591 1699 749 1761 contemni
764 1696 976 1783 praesenserit.

573 1867 798 1932 EPISTOLA
822 1869 988 1932 CIL-sn
1003 1886 1233 1931 arumnorum
1248 1888 1368 1931 aaran.

735 2003 875 2066 Domino
893 2004 991 2085 Papae
1007 2003 1202 2066 Aleaundro.

539 2121 758 2185 sisennus
773 2135 887 2185 vestrae
907 2120 1095 2184 mandatum
1116 2120 1226 2184 debita
1248 2124 1447 2186 veneratione

495 2220 711 2306 suscipientes,
739 2220 950 2285 creditoribus
972 2220 1084 2285 vestris
1104 2220 1325 2298 satisfecimus,
1343 2225 1447 2306 parati

495 2343 618 2406 semper
640 2323 822 2405 apostolicis
842 2322 973 2386 obedire
996 2322 1165 2400 mandatis,
1181 2322 1235 2385 sed
1250 2322 1447 2407 apostolatus

494 2425 591 2488 vestri
601 2437 741 2508 tempore
752 2424 952 2509 paratissimi.
999 2425 1065 2487 Nos
1076 2424 1193 2488 etenim
1205 2447 1261 2509 per
1273 2424 1447 2489 misericor·

496 2524 580 2588 diam
603 2526 733 2589 Domini
748 2549 767 2589 a
782 2526 845 2590 tide
866 2529 1020 2590 Romanae
1039 2527 1188 2612 ecclesiae,
1202 2527 1243 2589 ab
1257 2527 1448 2592 obedientiae

493 2626 665 2704 famulatu,
681 2651 745 2691 non
759 2651 876 2705 carcer,
891 2650 953 2691 non
966 2628 1101 2712 gladius,
1118 2651 1189 2704 non,
1203 2628 1228 2691 si
1244 2652 1308 2713 qua
1318 2632 1447 2714 gravior

494 2741 542 2792 est
572 2732 761 2813 persecutio,
798 2730 977 2815 separabit:
1012 2730 1187 2815 praesertim
1221 2752 1321 2815 quum
1354 2730 1446 2794 illum

494 2829 659 2894 videamus
674 2830 706 2893 in
723 2831 838 2895 throno
855 2831 940 2896 Petri
956 2845 1152 2915 regnantem,
1168 2854 1186 2893 a
1202 2854 1267 2916 quo
1282 2831 1447 2896 doloribus

494 2932 610 2996 nostris
631 2932 777 2996 solatium
802 2946 1019 3019 expectamus.
1065 2934 1172 2996 Multa
1186 2932 1342 3017 siquidem
1359 2951 1446 3010 sunt,

493 3047 524 3098 et
540 3034 606 3097 fere
628 3033 853 3119 importabilia,
876 3058 949 3119 quaa
965 3057 1024 3121 pro
1044 3035 1139 3098 domo
1154 3034 1284 3100 Domini
1300 3034 1444 3111 libenter,

494 3159 597 3223 quum
619 3136 665 3201 ita
687 3151 832 3223 oporteat
855 3136 935 3217 fieri,
950 3137 1152 3213 sustinemus,
1175 3151 1208 3202 et
1230 3151 1312 3201 certe
1326 3138 1447 3223 majora

494 3262 589 3324 quam
619 3260 695 3324 quae
724 3238 841 3325 scripto
870 3239 1027 3303 committi
1055 3238 1214 3326 expediat.
1276 3242 1445 3326 Speremus

492 3353 599 3405 autern
616 3340 701 3426 quod
724 3363 761 3403 ea
781 3340 812 3403 in
836 3341 924 3403 brevi
947 3353 1076 3404 auctore
1098 3342 1237 3405 Domino
1258 3341 1292 3405 in
1313 3340 1445 3406 auribus

492 3442 602 3506 vestris
631 3441 829 3505 commodius
857 3456 1031 3527 praesentes
1060 3465 1267 3527 exponemus,
1296 3444 1445 3529 eoquod

492 3567 547 3607 vos
562 3543 604 3606 ad
628 3543 809 3607 Galliarum
831 3555 939 3628 partes
960 3542 1162 3622 descendere,
1184 3548 1270 3611 sama
1289 3546 1356 3610 fere
1377 3570 1444 3610 om-

490 3645 578 3709 nium
607 3668 745 3709 consona
767 3667 843 3708 voce
865 3645 1074 3711 concelebrat.
1121 3648 1345 3734 supplicamus
1366 3671 1444 3733 ergo

491 3747 649 3833 majestati
664 3761 787 3823 vestrae,
805 3761 841 3811 ut
857 3770 914 3812 nos
929 3748 969 3813 de
991 3748 1132 3812 adventu
1154 3762 1270 3827 vestro,
1286 3750 1312 3813 si
1327 3754 1442 3833 placet,

491 3849 665 3935 dignemini
674 3849 1140 3936 praemunire,quopaternitati
1153 3863 1279 3927 restrae,
1291 3865 1328 3914 ut
1339 3851 1442 3927 decet,

489 3951 669 4037 promptius
684 3972 897 4025 occurramus,
913 3963 945 4014 et
960 3947 1226 4017 desideratissimo
1238 3951 1444 4017 beatitudinis

492 4064 604 4115 vestrae
619 4053 688 4116 visu
711 4066 743 4117 et
766 4052 908 4137 alloquio
930 4051 1025 4116 citius
1046 4053 1253 4137 gaudeamus.
1299 4055 1443 4137 Interim,

490 4165 580 4239 pater
602 4152 795 4234 dulcissime,
816 4177 873 4218 nos
896 4157 1086 4241 scriptorum
1111 4170 1287 4222 vestrorum
1317 4157 1441 4235 solatio,

489 4266 521 4317 et
545 4252 739 4336 Apostolicae
761 4254 959 4319 salutationis
981 4255 1133 4319 beneficio
1163 4257 1300 4341 petimus
1323 4260 1443 4343 saepius

494 4353 628 4431 visitari,
648 4375 686 4415 ne
701 4354 745 4438 pii
768 4354 916 4419 desiderii
940 4358 1038 4421 nostri
1054 4357 1176 4438 dilatio,
1199 4372 1255 4423 aut
1277 4359 1442 4424 servitutis

493 4467 610 4519 nostrae
625 4463 854 4538 contemptum,
868 4472 924 4522 aut
937 4458 1100 4522 defectum
1116 4460 1229 4545 gratioe
1244 4473 1369 4541 vestrae,
1385 4473 1441 4524 aut
