3875 5725
407 857 514 942 lma]
776 876 956 923 nersronm.
1300 865 1360 924 19⁶

402 1027 442 1092 de
472 1049 567 1091 causa
598 1038 714 1103 vestra,
745 1050 842 1112 quum
865 1031 1071 1092 consueverit.
1117 1033 1225 1103 Quum
1248 1042 1354 1093 autem

401 1130 507 1215 ipsum
523 1129 698 1194 instantius
712 1129 851 1192 animare
862 1139 1049 1213 satagerem,
1059 1130 1221 1216 respondit
1237 1155 1269 1195 se
1285 1130 1356 1218 qui-

402 1231 476 1296 dem
490 1230 565 1295 satis
580 1245 686 1296 tenere
702 1229 834 1314 diligere
848 1252 1015 1316 personam
1031 1244 1178 1313 vestram,
1193 1245 1225 1297 et
1240 1256 1356 1319 appro-

402 1331 479 1396 bare
493 1354 632 1411 causam,
654 1330 708 1395 sed
732 1330 843 1411 vereri,
857 1331 897 1393 ne
920 1331 945 1395 si
964 1330 1034 1416 ipso
1057 1331 1210 1398 suadente
1232 1334 1356 1420 aliquid

402 1432 520 1499 faceret
535 1431 681 1498 dominus
696 1432 877 1498 Alexander
897 1455 992 1519 papa,
1008 1433 1092 1498 unde
1108 1458 1216 1520 regem
1232 1436 1355 1520 Anglo-

403 1557 474 1598 rum
485 1534 656 1611 amitteret,
667 1533 697 1596 ei
707 1533 867 1598 decaetero
877 1534 1051 1619 imputaret
1063 1535 1193 1599 ecclesia
1202 1541 1357 1618 Romana,

403 1638 491 1724 quod
503 1650 634 1724 propter
643 1657 715 1700 eum
728 1649 852 1700 tuntum
865 1636 1000 1700 amicum
1013 1638 1176 1703 amisisset.
1215 1641 1260 1702 Et
1275 1640 1356 1704 hanc

403 1761 531 1805 causam
553 1737 668 1824 saepius
696 1736 877 1802 inculcavit.
923 1738 1016 1811 Quod
1040 1762 1167 1803 versans
1196 1740 1282 1825 apud
1305 1765 1356 1807 me

404 1844 560 1906 attentius
588 1841 797 1917 revolvebam,
829 1853 860 1904 et
891 1839 1044 1904 metiebar
1072 1840 1244 1919 inanimo,
1275 1844 1355 1928 quid

405 1964 533 2028 sperare
541 1943 880 2029 possimusquumrex
888 1940 1356 2030 Angliaepraesensfueritpro·

406 2065 527 2128 ponens
540 2044 642 2109 multa
663 2067 723 2131 pro
744 2067 786 2124 se,
808 2043 911 2109 multa
932 2055 1044 2108 contra
1067 2068 1133 2122 vos,
1148 2059 1180 2110 et
1195 2068 1282 2111 more
1298 2071 1358 2112 suo

405 2167 491 2210 nunc
512 2146 615 2225 minis,
635 2169 720 2211 nunc
741 2147 914 2232 promissis,
932 2169 1016 2209 utino
1039 2148 1135 2212 variis
1156 2149 1356 2233 pactionibus

404 2242 510 2311 faciles
532 2259 562 2312 et
585 2245 777 2312 fluctuantes
798 2248 920 2312 animos
936 2247 977 2311 sit
999 2261 1154 2326 moturus,
1177 2251 1354 2336 praesertim

404 2355 506 2434 quum
526 2348 670 2415 allexerit
692 2349 752 2414 sibi
773 2351 954 2435 pincernam
977 2353 1070 2435 regis,
1085 2365 1129 2430 et,
1146 2353 1231 2438 quod
1254 2351 1356 2438 magis

405 2463 463 2529 est,
478 2452 624 2517 comitem
642 2452 835 2531 Robertum,
850 2453 944 2538 cujus
968 2476 1049 2518 uxor
1064 2454 1189 2518 abbatis
1204 2454 1265 2517 mei
1280 2477 1355 2539 cog-

405 2569 490 2630 nata,
516 2575 589 2617 cum
613 2553 685 2616 aliis
704 2554 904 2618 munusculis
927 2566 1084 2620 trecentas
1108 2556 1199 2620 ulnas
1220 2556 1354 2620 telarum

404 2655 609 2719 Remensium
642 2657 711 2736 regi
740 2675 843 2736 nuper
871 2654 1044 2717 transmisit
1074 2654 1107 2716 in
1137 2655 1285 2739 Angliam
1315 2655 1357 2718 ad

404 2754 548 2818 camisias
576 2753 747 2817 faciendus.
797 2757 858 2817 Est
888 2753 972 2816 euim
1002 2754 1144 2837 prudens
1171 2754 1296 2831 mulier,
1325 2766 1357 2818 et

404 2867 522 2940 praeter
537 2876 681 2933 munera,
694 2876 768 2939 quae
788 2853 972 2937 frequenter
995 2853 1156 2938 accipiunt
1177 2854 1311 2917 maritus
1325 2866 1358 2920 et

405 2955 486 3040 ipsa,
503 2966 622 3040 sperat,
636 2952 724 3038 quod
744 2951 851 3015 liberis
866 2973 985 3025 eorum,
1001 2975 1084 3039 quos
1098 2952 1215 3019 multos
1229 2952 1360 3032 habent,

405 3056 572 3143 provideat
602 3077 658 3119 rex
688 3055 718 3119 in
740 3053 947 3118 matrimoniis
964 3055 1119 3119 nobilium
1143 3076 1356 3140 personarum.

406 3158 671 3245 Archiepiscopus
701 3180 775 3221 vcro
805 3157 971 3222 Remensis
1000 3159 1179 3224 Robertum
1209 3156 1358 3222 comitem

408 3262 576 3327 tenerrime
602 3261 720 3346 diligit,
746 3272 777 3325 et
803 3261 919 3326 liberos
941 3263 1020 3347 ejus.
1066 3261 1163 3327 Unde
1188 3261 1296 3336 timeo,
1319 3281 1358 3323 ne

406 3366 523 3428 amicos
544 3362 740 3450 hujusmodi,
755 3385 855 3448 quum
876 3362 917 3427 ad
932 3363 966 3427 id
990 3377 1120 3427 ventum
1141 3363 1249 3441 fuerit,
1264 3362 1374 3427 facile'

405 3465 537 3534 fortuna
549 3465 703 3530 excutiat.

449 3568 589 3632 Proinde
603 3567 769 3633 consilium
784 3590 903 3645 meum,
919 3579 950 3631 et
966 3567 1172 3647 desiderium,
1186 3582 1218 3633 et
1234 3590 1358 3632 summa

407 3692 535 3755 precum
546 3684 605 3750 est,
614 3681 652 3735 ut
661 3678 792 3734 vostota
802 3684 908 3735 mente
918 3672 1110 3735 convertatis
1120 3670 1161 3734 ad
1171 3671 1357 3746 Dominum,

406 3782 439 3836 et
452 3774 630 3838 orationum
647 3772 806 3857 suffragia
854 3773 939 3847 Quia
961 3774 1044 3835 utin
1065 3772 1248 3837 Proverbiis
1262 3772 1359 3857 scrip-

406 3885 474 3939 tum
491 3888 558 3940 est:
587 3878 707 3939 Turris
712 3877 895 3957 fortissima
916 3895 1033 3939 nomen
1047 3878 1193 3952 Domini,
1209 3876 1360 3958 adquam

406 3976 507 4058 uocis
517 3979 708 4062 consuqerit,
720 3978 760 4039 dc
769 3979 856 4039 omni
868 3980 1020 4059 capitatio
1034 3979 1200 4042 liberatur.
1226 3976 1360 4042 Differte

407 4075 531 4142 interim
547 4101 656 4142 omnes
675 4076 754 4141 alias
774 4076 1007 4163 occupationes,
1022 4091 1180 4164 quantum
1203 4078 1359 4164 poteritis,

408 4178 486 4267 quia
518 4180 594 4245 licet
627 4181 810 4245 necessaria
845 4178 1017 4264 plurimum
1056 4180 1234 4257 videantur,
1269 4181 1357 4268 quod

408 4280 527 4346 suadeo
549 4282 797 4367 praeeligendum
820 4293 880 4361 est,
902 4304 939 4345 eo
953 4282 1041 4367 quod
1064 4283 1165 4369 magis
1186 4296 1233 4347 est
1256 4305 1361 4347 neces·

408 4381 536 4445 sarium.
581 4382 719 4445 Prosunt
739 4382 865 4465 quidem
887 4386 972 4468 leges
991 4395 1022 4447 et
1044 4406 1188 4461 canones,
1211 4384 1265 4448 sed
1282 4381 1359 4445 mihi

405 4480 536 4560 credite,
552 4481 629 4569 quia
643 4505 727 4547 nunc
741 4506 803 4549 non
819 4484 877 4548 erit
893 4484 941 4549 his
956 4507 1057 4571 opus:

856 4597 912 4654 οἳ
