3875 5725
435 883 630 966 lisa—64]
819 897 997 948 anismam.
1325 883 1384 944 133

431 1067 463 1120 et
493 1081 556 1134 eos,
588 1057 643 1141 qui
673 1053 873 1138 dispositioni
903 1052 973 1138 ejus
1003 1051 1211 1129 reluctantur,
1237 1062 1384 1136 potenter

431 1173 571 1224 conteret
586 1158 646 1222 sub
666 1155 802 1244 pedibus
825 1156 900 1218 suis.
947 1154 1073 1240 Utique
1096 1153 1183 1237 quod
1206 1152 1320 1216 statuit
1343 1151 1383 1215 de

432 1274 473 1338 te,
491 1259 557 1324 sine
573 1272 604 1323 te
617 1257 782 1344 ¹deliberat
805 1260 884 1343 ipse,
900 1270 932 1321 et
955 1256 986 1319 in
1010 1255 1135 1320 actibus
1157 1253 1382 1340 Apostolorum

431 1386 470 1426 ex
497 1359 652 1424 sententia
680 1359 874 1435 Gamalielis‚
901 1357 1031 1422 arbitrio
1057 1357 1119 1420 Dei
1146 1358 1312 1420 commissa
1336 1368 1384 1418 est

431 1484 561 1526 nascens
583 1458 739 1538 Ecclesia,
759 1471 840 1522 nutu
864 1458 954 1542 cujus
976 1458 1083 1522 omnia
1104 1457 1305 1522 infirmantur
1327 1469 1383 1519 aut

431 1563 668 1628 convalescunt,
714 1560 756 1623 Ei
786 1560 895 1644 itaque
924 1560 1104 1622 committas
1128 1580 1254 1622 causam
1282 1571 1383 1635 tuam,

432 1664 583 1750 quoniam
600 1685 636 1725 eo
652 1660 870 1745 patrocinante
886 1658 1060 1744 periclitari
1076 1683 1137 1722 non
1153 1671 1268 1744 potest.
1308 1659 1383 1721 Noli

433 1761 645 1851 pusillanimIs
662 1785 728 1824 esse
743 1761 774 1824 in
791 1761 856 1838 illo,
872 1760 1022 1844 quoniam
1037 1761 1161 1846 corpori
1176 1759 1382 1845 parvulorum

432 1864 555 1928 dictum
572 1876 630 1945 est,
646 1865 743 1928 Jacta
758 1865 930 1944 cogitatum
947 1870 1040 1925 tuam
1062 1866 1099 1925 in
1114 1864 1259 1940 Domino,
1273 1864 1385 1942 etipse

433 1973 464 2029 te
479 1967 630 2029 enutriet.
678 1963 710 2025 Si
727 1960 856 2048 quidem
876 1961 979 2025 adulti
997 1963 1065 2048 jam
1089 1983 1151 2025 non
1174 1961 1307 2025 nutricis
1329 1961 1385 2024 ali-

433 2079 550 2140 mento,
568 2063 622 2126 sed
646 2063 893 2126 conservationis
908 2075 1002 2146 egent
1025 2062 1185 2147 praesidio:
1230 2063 1320 2146 Ergo
1343 2064 1384 2125 sit

431 2164 636 2246 desiderium,
653 2165 693 2229 sit
718 2162 820 2228 oratio
844 2177 911 2239 tua,
935 2177 1059 2227 utnon
1084 2161 1178 2225 modo
1201 2161 1241 2224 de
1267 2174 1309 2238 te,
1327 2162 1384 2225 sed

431 2267 525 2330 etiam
542 2290 561 2330 a
576 2279 608 2331 te
624 2267 771 2330 voluntas
788 2264 918 2329 Domini
933 2265 1114 2351 impleatur.
1159 2264 1253 2341 Quod
1270 2264 1295 2328 si
1315 2263 1383 2350 ipse

430 2392 488 2455 pro
504 2368 605 2444 nobiS,
622 2370 695 2454 quis
710 2381 821 2433 contra
838 2373 917 2432 nos?
940 2373 1015 2433 Non
1031 2369 1090 2431 erit
1106 2367 1231 2431 irritum
1248 2368 1382 2431 verbum

429 2470 510 2555 ejus,
532 2469 592 2532 etsi
614 2468 805 2554 plerumque
833 2471 873 2531 ad
899 2468 1034 2553 gloriam
1061 2468 1269 2553 disponentis,
1292 2466 1384 2530 malis

430 2571 697 2656 repugnantibus,
712 2571 894 2656 impleatur.
942 2572 1106 2634 Steterunt
1122 2582 1233 2632 contra
1247 2593 1320 2633 eum
1341 2568 1383 2633 ab

429 2673 521 2736 initio
534 2672 593 2734 viri
608 2673 718 2748 fortes,
730 2685 887 2757 potentes,
900 2672 1053 2735 babentes
1068 2668 1268 2756 prudentiam
1282 2671 1382 2756 hujus

430 2773 549 2850 saeculi,
565 2785 596 2836 et
616 2773 729 2857 gratiae
751 2773 954 2836 collocatione
973 2774 1097 2847 famosi,
1113 2773 1232 2837 cientes
1250 2773 1383 2852 bellum,
1481 2860 1483 2862 Ι

431 2875 485 2938 sed
517 2874 729 2960 praecipitavit
759 2894 814 2934 eos
848 2873 1017 2947 Dominus,
1046 2886 1078 2937 et
1116 2872 1226 2937 divisit
1257 2873 1383 2957 linguas

429 2999 552 3054 eorum,
570 2975 720 3063 quoniam
745 2974 826 3038 vidit
850 2974 891 3037 ab
915 2974 1086 3061 iniquitate
1109 2998 1236 3038 manare
1259 2989 1383 3040 contra-

430 3077 601 3142 dictionem
625 3076 657 3140 iu
684 3077 822 3149 civitate,
844 3097 918 3161 quae
941 3076 1169 3161 praefigurabat
1194 3076 1382 3143 Ecclesiam.

432 3180 506 3243 Non
529 3180 640 3266 itaque
657 3178 802 3253 verearis,
820 3178 845 3241 si
869 3179 910 3241 sit
924 3182 955 3242 iu
980 3192 1071 3264 parte
1092 3178 1225 3244 adversa
1241 3180 1314 3260 Dei,
1329 3181 1381 3246 cui

431 3296 462 3347 te
488 3280 624 3345 militare
648 3281 784 3356 conlido,
808 3304 844 3343 os
868 3281 1036 3366 lampadis,
1060 3282 1208 3367 quoniam
1232 3282 1263 3346 in
1290 3298 1382 3368 parte

430 3385 561 3449 orientis
576 3398 607 3449 et
628 3385 789 3470 loquentis
803 3407 843 3447 ex
868 3384 934 3449 alto
950 3385 1137 3449 aeternitatis
1159 3385 1300 3463 consilio,
1318 3408 1382 3449 ser-

429 3511 481 3552 mo
503 3486 650 3563 lucidior,
666 3486 832 3572 copiosior,
849 3500 880 3551 et
904 3485 1058 3550 efficacior
1080 3500 1137 3552 est.
1183 3488 1251 3551 Nec
1274 3511 1381 3553 move·

428 3589 500 3664 aris,
518 3589 544 3651 si
564 3589 703 3673 gratiam
726 3586 788 3651 Dei
812 3588 986 3673 aliquando
1008 3589 1188 3653 umbratilis
1211 3592 1381 3676 impugnet

426 3694 540 3777 gratia,
558 3692 710 3776 quoniam
725 3690 789 3765 illa,
806 3712 881 3776 quae
896 3690 1013 3776 quaerit
1036 3714 1111 3776 quae
1128 3713 1185 3755 sua
1206 3705 1292 3767 sunt,
1308 3714 1381 3755 eva-

426 3806 542 3859 nescet.
581 3793 673 3857 Licet
686 3792 769 3855 enim
781 3794 902 3858 exultet
914 3792 954 3855 ad
967 3794 1077 3857 boram
1089 3793 1120 3856 in
1136 3793 1255 3856 lumine
1266 3794 1380 3873 alieno,

427 3894 552 3959 deficiet
567 3893 674 3980 plane,
689 3906 721 3957 et
737 3893 972 3969 obscurabitur,
989 3916 1090 3979 quum
1106 3894 1235 3978 justitia
1249 3895 1281 3957 in
1293 3894 1381 3978 judi-

427 3996 511 4060 cium
542 4008 756 4060 convertetur.
813 3996 910 4071 Quod
941 3997 965 4059 si
996 3996 1070 4082 quis
1098 3996 1138 4059 de
1169 3997 1236 4060 solo
1265 3999 1382 4064 nititur
1444 4039 1448 4049 ·

429 4095 582 4179 Ulpiano,
598 4096 662 4159 imo
687 4096 727 4160 de
748 4097 895 4183 opinione
918 4097 1051 4184 Ulpiani
1078 4096 1217 4161 Domino
1240 4101 1381 4186 propitio

429 4194 603 4275 erudietur,
618 4220 675 4260 nec
691 4197 730 4261 de
754 4200 868 4284 spiritu
893 4199 1036 4284 proprio,
1052 4221 1187 4285 nequam
1203 4204 1244 4264 sit
1269 4203 1381 4267 adrer-
1450 4256 1452 4260 .

430 4318 485 4358 sus
509 4319 592 4371 eum,
609 4298 665 4381 qui
690 4302 846 4383 superbos
870 4302 1030 4379 humiliat,
1046 4311 1078 4364 et
1092 4304 1212 4367 exaltat
1235 4306 1380 4373 humiles.

431 4396 555 4481 Singuli
579 4419 639 4482 pro
654 4421 712 4461 suo
728 4400 906 4486 loquuntur
920 4403 1061 4477 arbitrio,
1080 4403 1135 4466 sed
1158 4427 1256 4490 penes
1280 4430 1380 4473 unum

428 4512 475 4563 est
493 4498 646 4582 generalis
660 4512 691 4562 et
705 4503 878 4566 necessaria
894 4503 1115 4588 interpretatio
1126 4504 1231 4589 legum
1244 4522 1276 4572 et
1288 4531 1381 4575 cano·
