3875 5725
617 824 636 878 4
873 830 1008 875 soranis
1023 829 1299 875 ssnsssmnnnsrs
1478 815 1527 893 [n.
1548 837 1577 878 u.

619 1004 692 1046 eum
723 982 755 1045 in
785 981 938 1045 comitatu
969 979 1108 1066 quodam
1145 980 1289 1046 extitisse
1319 981 1485 1057 laicorum,
1517 984 1577 1069 qui

619 1083 813 1170 praecipitem
830 1096 999 1167 sequentes
1012 1082 1234 1158 temeritatem,
1247 1083 1454 1148 homicidium
1469 1086 1577 1169 quod·

619 1185 695 1248 dam
726 1184 934 1248 inconsultius
970 1194 1240 1269 perpetraverunt.
1289 1184 1362 1271 lpse
1396 1200 1504 1250 autem
1541 1188 1575 1250 in

619 1287 771 1351 comitatu
793 1287 942 1361 existens,
962 1308 1036 1349 eum
1057 1286 1114 1371 qui
1135 1299 1246 1372 postea
1270 1287 1392 1352 occisus
1411 1287 1487 1363 tuit,
1508 1311 1574 1352 non

619 1389 725 1452 animo
749 1387 923 1466 occidendi,
953 1387 1007 1451 sed
1034 1401 1070 1452 ut
1102 1388 1205 1452 furem
1239 1388 1297 1474 qui
1320 1389 1349 1452 ei
1381 1377 1574 1454 vestimenta

620 1489 826 1554 sacerdotalia
846 1490 933 1553 furto
953 1489 1168 1566 subtraxerat,
1184 1491 1446 1577 persequebatur.
1492 1493 1573 1555 Fra·

620 1606 684 1656 tres
703 1606 808 1656 antem
828 1592 900 1677 ejus
922 1590 952 1654 in
975 1590 1195 1677 persequendo
1213 1613 1252 1656 eo
1273 1592 1368 1656 citius
1382 1592 1574 1672 incedentes,

619 1695 723 1758 iurem
739 1717 811 1757 cunr
834 1693 1022 1757 vestimento
1043 1693 1206 1758 consecuti
1230 1707 1315 1769 sunt,
1331 1706 1363 1759 et
1378 1717 1416 1758 eo
1431 1694 1573 1773 vidente,

621 1810 657 1861 nt
680 1796 947 1882 subsequebatur,
970 1807 1191 1871 veruntamen,
1216 1808 1252 1859 ut
1275 1794 1408 1872 fatetur,
1431 1794 1571 1871 nolente,

620 1900 724 1963 furem
749 1899 980 1984 deprehensum
1006 1896 1268 1961 trucidaverunt:
1292 1897 1408 1961 exinde
1433 1897 1572 1963 evolutis

619 2001 729 2085 paucis
751 1999 865 2062 diebus
886 1997 927 2059 ab
949 1996 1171 2060 archidiacono
1194 1998 1234 2062 ab
1255 1999 1375 2063 ordinis
1398 1998 1446 2064 sui
1468 1999 1572 2064 officio

619 2119 791 2182 suspensus
812 2110 872 2172 est,
887 2117 927 2159 eo
948 2097 1035 2182 quod
1060 2098 1150 2162 sedes
1175 2099 1385 2164 Eboracensis
1405 2110 1475 2165 tum
1490 2115 1571 2165 tem·

619 2199 705 2285 poris
744 2199 893 2262 vacabat:
932 2200 1138 2264 nihilominus
1175 2202 1207 2265 in
1245 2201 1432 2268 diaconatus
1468 2201 1572 2266 officio

620 2299 796 2364 ministrare
826 2304 1038 2385 praesumpsit.
1086 2302 1171 2380 Quid
1202 2319 1310 2369 autem
1340 2326 1443 2391 poenae
1471 2305 1501 2368 ei
1529 2304 1571 2369 ad

543 2460 546 2465 .
620 2401 881 2485 peregrinationis
903 2401 1054 2465 indicium
1078 2425 1202 2466 crucem
1222 2405 1345 2490 gerenti
1360 2403 1570 2490 infligendum

621 2504 672 2581 sit,
687 2515 791 2567 vestra
808 2503 985 2570 sublimitas
1000 2505 1190 2591 providebit.

804 2843 1024 2909 EPtsTOLA
1071 2844 1218 2908 lv.-nn
1234 2863 1385 2908 annonas.

880 2982 1022 3043 Domino
1035 3001 1132 3062 popo
1149 2981 1306 3043 Adriano.

663 3115 765 3187 Quum
782 3111 866 3173 inter
883 3110 1069 3191 magistrum
1089 3107 1264 3174 Ricardum
1289 3107 1569 3174 Licheffeldensem

619 3222 652 3275 et
679 3209 850 3273 Osbertum
877 3207 918 3271 de
946 3212 1018 3270 lcco
1041 3230 1137 3293 super
1159 3209 1289 3273 ecclesia
1311 3209 1477 3274 Bradeieia
1498 3234 1571 3275 con-

617 3311 771 3377 troversia
785 3323 866 3374 esset
881 3310 913 3373 in
926 3309 1087 3373 auditorio
1100 3311 1276 3375 Cestrensis
1290 3311 1429 3398 episcopi
1445 3313 1569 3377 diutius

617 3427 790 3499 protracta,
815 3412 941 3477 tandem
961 3412 1002 3477 ad
1027 3411 1222 3477 audientiam
1248 3424 1388 3477 nostram
1415 3414 1569 3479 translata

618 3530 666 3581 est
692 3539 748 3602 per
774 3514 1031 3601 appeliationem.
1076 3514 1228 3579 Partibus
1258 3514 1366 3600 itaque
1396 3538 1414 3578 e
1441 3519 1570 3601 regione

618 3618 811 3697 constitutis,
829 3619 897 3702 jam
920 3617 1025 3681 dictus
1053 3616 1212 3681 Ricardus
1242 3630 1446 3683 memoratam
1474 3617 1571 3681 eccie-

618 3723 696 3788 siam
721 3720 781 3787 sibi
807 3719 931 3785 restitui
963 3719 1149 3806 postulavit,
1174 3719 1283 3786 dicens
1312 3743 1381 3785 earn
1411 3722 1570 3807 pertinere

617 3828 707 3912 quasi
730 3824 883 3913 capellam
907 3823 946 3886 ad
970 3822 1134 3887 ecclesiam
1158 3844 1247 3886 suam
1274 3835 1306 3886 et
1331 3836 1569 3888 antecessorum

618 3951 760 4004 suorum,
777 3925 927 3992 Willelmi
944 3922 1061 3989 scilicet
1076 3938 1108 3989 et
1127 3924 1276 3999 Walteri,
1294 3936 1447 4009 tempore,
1461 3924 1571 4011 quiete

617 4039 650 4090 et
680 4027 772 4112 pleno
797 4028 872 4111 jure
902 4026 1000 4089 fuisse
1029 4047 1215 4110 possessam.
1268 4026 1318 4090 Ad
1350 4025 1419 4090 baec
1457 4026 1570 4091 Helias

620 4125 768 4189 Stafford.
791 4124 911 4189 archid.
934 4126 1086 4209 processit
1109 4126 1140 4188 in
1164 4126 1317 4207 medium,
1332 4148 1473 4190 asserens
1487 4128 1570 4213 peti·

617 4226 736 4291 tionem
765 4225 846 4290 hanc
876 4223 1005 4287 minime
1030 4225 1170 4290 Ricardo
1202 4240 1392 4313 competere,
1417 4251 1455 4291 eo
1480 4230 1569 4313 quod

617 4326 820 4415 proebendam
843 4324 1006 4411 quandam
1030 4326 1189 4391 Ricardus
1214 4330 1246 4392 in
1275 4329 1411 4415 praefata
1439 4330 1571 4393 ecclesia

617 4429 809 4518 possidebat,
823 4440 855 4491 et
878 4426 906 4489 ei
929 4428 1070 4489 essetab
1090 4427 1237 4514 episcopo
1260 4430 1420 4496 cestrensi
1441 4430 1570 4511 donata,
