3875 5725
422 859 618 938 1159—61.]
805 874 985 918 srrsromn.
1328 856 1366 912 71

360 1053 364 1060 ·
415 1028 499 1090 niam
515 1048 589 1112 pars
605 1026 673 1088 baec
687 1024 837 1110 pluribus
847 1036 894 1089 est
909 1035 942 1086 et
956 1020 1140 1086 melioribus
1154 1031 1294 1105 accepta,
1308 1019 1363 1082 sed

403 1149 481 1206 ‘eam
498 1127 716 1193 vehementius
733 1139 876 1190 tuentur.
920 1177 922 1180 ,

731 1402 954 1466 EPISTOLA
979 1402 1047 1463 LX.

457 1547 591 1609 Souunr
617 1547 817 1632 pigmentarii
844 1546 985 1610 diversas
1008 1545 1126 1632 species
1152 1543 1364 1619 commiscere,

413 1667 547 1708 acumen
569 1648 781 1732 pungentium
805 1648 849 1710 sic
871 1647 1017 1731 mitigare
1039 1646 1176 1721 lenibus,
1196 1658 1228 1708 et
1250 1646 1364 1708 amaris

414 1763 652 1832 contemperare
663 1748 781 1826 dulcia,
790 1761 825 1812 ut
837 1771 940 1832 quum
951 1748 984 1809 in
996 1770 1087 1809 novae
1099 1748 1212 1831 speciei
1222 1770 1364 1832 saporem

414 1859 447 1910 et
473 1847 641 1911 efficaciam
667 1848 850 1927 coaluerint,
877 1848 1024 1912 universa
1050 1847 1242 1923 dulcescant,
1266 1860 1298 1911 et
1324 1848 1366 1910 ad

416 1946 650 2011 subversionem
663 1950 817 2011 mentium
829 1945 1002 2010 efficaciora
1019 1945 1082 2009 sint
1098 1948 1256 2022 universa,
1268 1969 1365 2031 quarn

416 2046 551 2132 singula.
600 2050 671 2111 Hoc
693 2061 799 2111 autem
823 2060 855 2112 et
877 2047 995 2110 idcirco
1017 2047 1099 2111 forte
1122 2047 1239 2130 saepius
1260 2048 1365 2111 evenit

414 2149 504 2232 quod
521 2172 646 2235 eaquae
661 2148 804 2214 dulciora
818 2162 904 2229 sunt,
919 2162 1092 2214 sumuntur
1109 2149 1245 2229 avidius,
1260 2162 1291 2213 et
1306 2150 1365 2212 im-

418 2250 593 2314 moderatio
604 2251 784 2316 sobrietatis
796 2264 911 2315 metam
921 2253 1052 2330 deserit,
1061 2275 1162 2336 quum
1175 2253 1296 2316 hostem
1308 2252 1366 2338 qui

419 2351 546 2414 minime
557 2365 768 2438 praecavetur,
780 2352 884 2436 gratia
898 2352 1075 2416 dulcedinis
1086 2351 1270 2417 introducit.
1315 2355 1367 2416 Tu

416 2453 548 2537 quidem
564 2477 603 2517 an
623 2454 855 2539 pigmentarius
878 2455 1070 2540 quaudoque
1085 2454 1197 2531 fueris,
1213 2456 1368 2519 incertum

418 2551 532 2630 habeo,
547 2569 653 2639 certus
675 2556 823 2640 equidem
848 2555 933 2642 quod
955 2556 1183 2640 pigmentarios
1203 2556 1237 2618 in
1259 2555 1369 2641 aliquo

419 2653 564 2735 imitaris,
579 2655 604 2718 si
620 2669 725 2718 tamen
742 2670 829 2721 recte
850 2656 965 2720 diceris
986 2655 1116 2732 imitari,
1132 2679 1213 2740 quos
1234 2656 1266 2719 in
1290 2679 1369 2741 qua·

419 2755 566 2817 rumdam
578 2756 772 2818 confectione
787 2758 962 2840 specierum
976 2756 1092 2820 videris
1106 2758 1224 2820 rectius
1239 2761 1370 2822 anteire.

422 2857 467 2919 Et
483 2855 566 2919 forte
580 2855 653 2918 ideo
674 2856 867 2939 praeoedenti
882 2871 1038 2919 autumno
1052 2856 1154 2920 varias
1172 2857 1235 2920 vini
1250 2858 1371 2942 species

422 2955 574 3035 coemisti,
588 2978 724 3042 quarum
748 2959 904 3041 coemptio
926 2970 958 3019 et
980 2957 1200 3041 comportati0,
1226 2958 1317 3034 (sieut
1340 2968 1372 3020 te

422 3057 501 3119 mihi
517 3056 675 3143 scripsisse
690 3056 807 3138 recolo)
832 3079 959 3142 operam
984 3068 1071 3121 tuam
1094 3081 1113 3119 a
1134 3057 1282 3141 gerendis
1303 3058 1373 3124 aliis

422 3157 607 3221 avocabant.
658 3158 719 3221 Sed
751 3158 823 3222 licet
853 3179 982 3221 manum
1005 3158 1145 3243 vulgaris
1170 3159 1371 3245 pigmentarii

421 3256 614 3342 dedigneris,
626 3257 767 3341 linguam
783 3270 889 3322 tamen
900 3270 931 3321 et
946 3257 1104 3320 calamum
1120 3282 1220 3344 quum
1233 3260 1372 3325 universi

422 3360 564 3444 pulveris
585 3356 799 3444 pigmentarii,
816 3359 873 3445 qui
896 3370 1002 3422 tamen
1025 3359 1248 3447 philosophum
1271 3362 1374 3443 decet,

422 3460 488 3523 vim
503 3458 676 3536 redoleant,
688 3482 890 3547 nequaquam
907 3461 1043 3524 sufficies
1058 3485 1227 3526 excusare:
1251 3486 1324 3526 nam
1340 3476 1371 3527 et

422 3560 551 3648 loquela
576 3575 633 3625 tua
656 3560 859 3625 manifestum
886 3575 918 3625 te
944 3562 1033 3639 facit,
1060 3576 1092 3626 et
1122 3562 1373 3627 dissimulantem

423 3663 541 3747 pagiua
553 3685 657 3747 nuper
671 3662 748 3724 mihi
761 3662 854 3727 missa
867 3664 1037 3727 convincit.
1071 3668 1108 3728 Iu
1124 3665 1261 3727 amicum
1278 3665 1376 3750 siqui·

423 3765 496 3827 dem
518 3763 701 3849 imperitum
726 3786 867 3827 sermone
894 3783 925 3827 et
952 3764 1083 3828 scientia
1108 3765 1269 3847 ingenium
1293 3765 1375 3829 illud
1459 3826 1462 3834 ,

351 3880 353 3884 ’
425 3866 624 3929 Lexoviense
642 3864 756 3940 exeris,
772 3863 914 3947 linguam
937 3866 1025 3927 acuis
1047 3865 1286 3941 Lexoviensem‚
1302 3889 1374 3930 cum

422 3989 489 4051 qua
503 3987 668 4052 nunquam
686 3986 813 4028 manum
830 3987 992 4027 conserere
1007 3964 1084 4027 mibi
1107 3965 1304 4050 propositum
1327 3980 1375 4032 est

425 4068 466 4129 ab
487 4066 588 4144 initio,
604 4080 636 4131 et
651 4067 739 4131 velut
757 4075 864 4128 orator
886 4079 1077 4151 praepotens,
1093 4088 1178 4129 nunc
1200 4080 1256 4131 tua
1279 4069 1376 4134 stabi-

426 4166 515 4241 liens,
530 4191 615 4231 nuno
635 4168 803 4231 destruens
817 4168 928 4241 aliena,
946 4166 1024 4231 mihi
1039 4190 1165 4233 omnem
1187 4168 1377 4234 defensionis

425 4266 596 4352 praeludis
610 4269 706 4345 viam,
722 4283 753 4333 et
775 4269 908 4354 quidem
929 4270 1087 4355 praeclusa
1101 4284 1193 4349 esset,
1210 4285 1244 4335 ut
1260 4274 1376 4335 mutire

425 4388 488 4430 non
503 4388 640 4451 possem,
650 4367 676 4430 si
691 4370 917 4453 occupationes
932 4391 1017 4433 meas
1029 4369 1168 4434 novisses
1183 4370 1222 4434 ad
1239 4371 1378 4455 plenum.

422 4466 488 4530 Sed
499 4466 531 4530 in
543 4489 580 4530 eo
595 4466 675 4529 bene
687 4489 760 4531 cum
773 4468 985 4552 simplicibus,
998 4468 1060 4531 mei
1076 4468 1194 4532 scilicet
1213 4467 1379 4548 similibus,
