3875 5725
592 841 634 902 60
851 852 988 898 Jonnsrs
1004 851 1281 897 sinssuaruansrs
1445 834 1491 913 [A.
1509 855 1540 897 n

590 1004 739 1071 latissime
762 1016 884 1092 patent,
906 1017 938 1067 et
968 1003 1062 1090 piane
1085 1001 1233 1066 videbitis
1262 1003 1439 1087 petentium
1463 1003 1542 1068 talia

587 1107 798 1194 improbatam
836 1129 902 1170 esse
938 1103 1133 1191 petitionem,
1164 1119 1195 1168 et
1226 1125 1337 1167 eorum
1371 1105 1427 1190 qui
1460 1106 1542 1170 tales

586 1208 735 1288 audiunt,
757 1206 922 1271 durissime
943 1206 1151 1291 plectendum
1166 1228 1233 1268 esse
1247 1226 1419 1271 assensum.
1465 1208 1540 1270 Non

586 1323 634 1376 est
649 1309 778 1374 relictus
792 1308 883 1372 nobis
912 1306 1133 1371 dissimulandi
1149 1307 1247 1382 iocus,
1268 1307 1346 1393 quia
1362 1306 1395 1371 in
1410 1308 1541 1372 consilio

587 1410 857 1490 Lateranensi,cui
869 1432 925 1472 nos
931 1424 962 1473 et
970 1409 1540 1494 vos,t⁴raterEpiscope,interfuimus,

587 1512 715 1578 domino
740 1511 927 1575 Innocentio
950 1511 1140 1597 praesidente
1155 1510 1347 1591 audivimus,
1362 1523 1437 1575 vota
1452 1511 1540 1588 talia,

588 1611 792 1702 promulgato
807 1635 925 1676 canone
940 1613 1153 1678 condemnari.
1200 1611 1262 1675 Sed
1283 1611 1366 1677 forte
1381 1614 1468 1699 regia
1483 1635 1542 1677 nos

589 1729 682 1802 urget
697 1715 880 1794 auctoritas,
895 1730 982 1780 recte
1002 1715 1130 1801 quidem
1147 1714 1205 1779 nisi
1224 1713 1346 1778 sciretis
1364 1715 1539 1780 Dominum
1591 1732 1593 1739 '

586 1818 705 1882 homini
722 1817 968 1904 praeferendum,
984 1818 1045 1880 nisi
1061 1817 1172 1902 religio
1194 1815 1354 1901 Principis
1368 1817 1466 1902 possit
1481 1815 1541 1879 cir-

591 1921 778 2002 cumveniri,
794 1920 852 1983 nisi
869 1942 926 2004 per
946 1920 1180 2004 subreptionem
1198 1918 1238 1981 ab
1253 1942 1290 1980 eo
1305 1916 1454 1982 nonnulla
1473 1942 1542 1982 esse

587 2035 723 2098 extorta,
744 2024 811 2107 jam
835 2019 976 2083 fuissetis
999 2019 1132 2104 experti.
1179 2023 1311 2085 Summa
1327 2043 1402 2104 ergo
1416 2019 1539 2083 consilii

586 2124 688 2188 nostri
711 2123 778 2186 baec
801 2132 859 2196 est,
882 2134 919 2183 nt
945 2120 1007 2205 legi
1033 2121 1161 2184 Domini
1183 2135 1214 2185 et
1238 2121 1333 2184 saeris
1354 2123 1540 2202 canonibus,

583 2227 681 2311 juxta
695 2222 919 2309 professionem
937 2238 1072 2285 vestram
1090 2223 1340 2308 obtemperetis:
1364 2236 1395 2287 et
1412 2223 1538 2309 quoties

588 2349 644 2388 vos
659 2329 737 2390 tates
752 2323 910 2408 augustine
926 2325 1108 2409 presserint,
1121 2324 1257 2388 incidere
1269 2325 1300 2388 in
1314 2347 1428 2390 manus
1440 2325 1540 2388 bomi-

587 2449 677 2504 num,
704 2447 799 2511 quam
828 2425 890 2488 Dei
912 2425 1058 2500 virentis,
1084 2425 1187 2489 tutius
1197 2424 1360 2510 judicetis.
1406 2425 1468 2489 Sed
1491 2438 1538 2490 est

586 2527 692 2590 forsan
703 2526 787 2590 unde
799 2526 975 2590 merueritis
986 2549 1081 2613 snper
1092 2526 1343 2592 successionibus
1352 2525 1537 2613 hujusmodi

586 2629 706 2709 vexari,
728 2627 868 2713 eoquod
893 2628 924 2691 in
946 2628 1093 2692 fraudem
1108 2651 1263 2691 canonum
1280 2628 1321 2693 ad
1336 2629 1488 2694 cessiones
1506 2641 1538 2693 et

589 2729 832 2796 substitutiones
847 2728 975 2796 illicitas
989 2730 1122 2794 nimium
1138 2730 1229 2815 proni
1244 2731 1329 2796 estis.

882 3062 1110 3127 EPISTOLA
1131 3066 1239 3128 LVII.

591 3200 768 3264 Tlreobolda'
781 3198 1030 3261 cantuariensis
1041 3197 1274 3283 archiepiscopi
1291 3201 1536 3264 Testamentum.

629 3332 801 3395 SnPnEnsss
823 3327 1036 3392 deficientium
1054 3330 1275 3396 voluntatibus
1297 3355 1390 3396 suum
1414 3357 1536 3397 accom-

585 3430 715 3495 modant
733 3430 809 3515 jura
824 3430 977 3511 favorem,
992 3444 1024 3495 et
1041 3432 1073 3495 in
1091 3456 1123 3497 se
1140 3433 1228 3498 velut
1250 3433 1443 3497 inhumanus
1464 3457 1539 3519 pro-

585 3546 677 3595 vocat
691 3532 770 3595 iram
794 3532 935 3609 Domini,
952 3533 1007 3617 qui
1031 3534 1092 3619 piis
1106 3557 1215 3599 eorum
1239 3534 1403 3598 desideriis
1421 3536 1536 3602 obvius

582 3632 780 3697 contradicit.
826 3634 944 3697 Nostra
974 3635 1104 3720 quidem
1134 3635 1280 3701 voluntas
1312 3649 1371 3715 est,
1399 3650 1431 3703 et
1463 3662 1539 3725 quoe

582 3736 722 3802 Domino
743 3750 871 3801 auctore
894 3758 1069 3822 numquam
1094 3738 1286 3818 mutabitur,
1313 3753 1350 3805 ut
1373 3740 1535 3805 residuum

584 3840 740 3903 bonorum
766 3851 945 3902 nostrorum
974 3839 1152 3921 mobilium,
1174 3862 1247 3926 quae
1275 3855 1407 3929 propter
1432 3864 1540 3905 neces-

583 3942 690 4005 sitates
705 3940 908 4015 domesticas,
925 3954 956 4004 et
981 3940 1225 4008 diuturnitatem
1250 3941 1411 4027 languoris
1434 3964 1537 4027 usque

584 4042 625 4105 ad
650 4043 771 4105 exitum
788 4045 864 4105 vitae
886 4041 1040 4106 duximus
1062 4044 1287 4122 conservanda,
1303 4045 1335 4106 iu
1357 4065 1434 4105 usus
1456 4066 1537 4129 pau·

585 4164 698 4229 perum
710 4144 837 4205 omnino
849 4142 974 4220 cedant,
987 4144 1161 4209 secundum
1173 4143 1259 4231 quod
1273 4144 1364 4207 nobis
1376 4147 1537 4211 Dominus

585 4242 762 4331 inspiravit,
783 4256 815 4306 et
843 4242 924 4309 sicut
952 4245 1099 4309 dedimus
1125 4247 1155 4308 in
1182 4244 1342 4309 mandatis
1363 4248 1535 4313 venerabili

583 4346 675 4413 fratri
692 4357 802 4408 nostro
817 4344 961 4409 Waltero
977 4344 1118 4408 Roffensi
1141 4346 1315 4433 Episcop0,
1332 4360 1364 4412 ct
1386 4349 1535 4413 fidelibus

583 4449 711 4527 nostris,
727 4445 877 4533 Philippo
891 4444 1076 4511 cancellario
1091 4460 1210 4530 nostro,
1225 4450 1377 4535 magistro
1394 4448 1537 4515 Radulfn
