<?xml version="1.0" encoding="UTF-8"?>
<!DOCTYPE html PUBLIC "-//W3C//DTD XHTML 1.0 Transitional//EN"
    "http://www.w3.org/TR/xhtml1/DTD/xhtml1-transitional.dtd">
<html xmlns="http://www.w3.org/1999/xhtml" xml:lang="en" lang="en">
 <head>
  <title>
</title>
<meta http-equiv="Content-Type" content="text/html;charset=utf-8" />
  <meta name='ocr-system' content='tesseract 3.04.00' />
  <meta name='ocr-capabilities' content='ocr_page ocr_carea ocr_par ocr_line ocrx_word'/>
</head>
<body>
  <div class='ocr_page' id='page_1' title='image "./joannissaresber01johngoog_0091.png"; bbox 0 0 3875 5725; ppageno 0'>
   <div class='ocr_carea' id='block_1_1' title="bbox 515 830 1459 911">
    <p class='ocr_par' dir='ltr' id='par_1_1' title="bbox 515 830 1459 911">
     <span class='ocr_line' id='line_1_1' title="bbox 515 830 1459 911; baseline 0.012 -24"><span class='ocrx_word' id='word_1_1' title='bbox 515 830 705 911; x_wconf 56' lang='lat' dir='ltr'><strong>lita-614</strong></span> <span class='ocrx_word' id='word_1_2' title='bbox 893 851 1074 895; x_wconf 71' lang='lat' dir='ltr'><strong>amsroara.</strong></span> <span class='ocrx_word' id='word_1_3' title='bbox 1419 841 1459 898; x_wconf 78' lang='lat'><strong>73</strong></span> 
     </span>
    </p>
   </div>
   <div class='ocr_carea' id='block_1_2' title="bbox 492 997 1460 3908">
    <p class='ocr_par' dir='ltr' id='par_1_2' title="bbox 492 997 1460 3908">
     <span class='ocr_line' id='line_1_2' title="bbox 508 997 1457 1087; baseline 0.012 -31"><span class='ocrx_word' id='word_1_4' title='bbox 508 1017 577 1060; x_wconf 91' lang='lat' dir='ltr'><strong>cum</strong></span> <span class='ocrx_word' id='word_1_5' title='bbox 601 997 753 1063; x_wconf 91' lang='lat' dir='ltr'><strong>humilem</strong></span> <span class='ocrx_word' id='word_1_6' title='bbox 777 999 953 1086; x_wconf 90' lang='lat' dir='ltr'><strong>qualiquali</strong></span> <span class='ocrx_word' id='word_1_7' title='bbox 976 1001 1121 1064; x_wconf 86' lang='lat' dir='ltr'><strong>chartula</strong></span> <span class='ocrx_word' id='word_1_8' title='bbox 1137 1001 1265 1066; x_wconf 88' lang='lat' dir='ltr'><strong>visitare</strong></span> <span class='ocrx_word' id='word_1_9' title='bbox 1282 1002 1457 1087; x_wconf 79' lang='lat' dir='ltr'><strong>dedignor:</strong></span> 
     </span>
     <span class='ocr_line' id='line_1_3' title="bbox 508 1099 1458 1188; baseline 0.008 -28"><span class='ocrx_word' id='word_1_10' title='bbox 508 1099 592 1162; x_wconf 90' lang='lat' dir='ltr'><strong>unde</strong></span> <span class='ocrx_word' id='word_1_11' title='bbox 607 1115 769 1183; x_wconf 87' lang='lat' dir='ltr'><strong>peccatum</strong></span> <span class='ocrx_word' id='word_1_12' title='bbox 786 1103 892 1165; x_wconf 88' lang='lat' dir='ltr'><strong>hocin</strong></span> <span class='ocrx_word' id='word_1_13' title='bbox 912 1125 961 1164; x_wconf 89' lang='lat' dir='ltr'><strong>me</strong></span> <span class='ocrx_word' id='word_1_14' title='bbox 977 1102 1070 1188; x_wconf 88' lang='lat' dir='ltr'><strong>jacis,</strong></span> <span class='ocrx_word' id='word_1_15' title='bbox 1086 1115 1143 1166; x_wconf 87' lang='lat' dir='ltr'><strong>aut</strong></span> <span class='ocrx_word' id='word_1_16' title='bbox 1158 1103 1232 1188; x_wconf 94' lang='lat' dir='ltr'><strong>quis</strong></span> <span class='ocrx_word' id='word_1_17' title='bbox 1247 1126 1369 1180; x_wconf 85' lang='lat' dir='ltr'><strong>eorum,</strong></span> <span class='ocrx_word' id='word_1_18' title='bbox 1384 1127 1458 1168; x_wconf 92' lang='lat' dir='ltr'><strong>cum</strong></span> 
     </span>
     <span class='ocr_line' id='line_1_4' title="bbox 507 1198 1460 1289; baseline 0.006 -26"><span class='ocrx_word' id='word_1_19' title='bbox 507 1198 625 1283; x_wconf 85' lang='lat' dir='ltr'><strong>quibus</strong></span> <span class='ocrx_word' id='word_1_20' title='bbox 647 1201 725 1281; x_wconf 87' lang='lat' dir='ltr'><strong>vixi,</strong></span> <span class='ocrx_word' id='word_1_21' title='bbox 744 1203 972 1266; x_wconf 87' lang='lat' dir='ltr'><strong>criminationis</strong></span> <span class='ocrx_word' id='word_1_22' title='bbox 994 1204 1092 1289; x_wconf 90' lang='lat' dir='ltr'><strong>hujus</strong></span> <span class='ocrx_word' id='word_1_23' title='bbox 1115 1217 1227 1268; x_wconf 83' lang='lat' dir='ltr'>auctor</span> <span class='ocrx_word' id='word_1_24' title='bbox 1249 1217 1307 1282; x_wconf 91' lang='lat' dir='ltr'><strong>est,</strong></span> <span class='ocrx_word' id='word_1_25' title='bbox 1327 1218 1383 1269; x_wconf 90' lang='lat' dir='ltr'><strong>aut</strong></span> <span class='ocrx_word' id='word_1_26' title='bbox 1405 1204 1460 1269; x_wconf 90' lang='lat' dir='ltr'><strong>de-</strong></span> 
     </span>
     <span class='ocr_line' id='line_1_5' title="bbox 505 1300 1455 1392; baseline 0.008 -30"><span class='ocrx_word' id='word_1_27' title='bbox 505 1300 610 1365; x_wconf 89' lang='lat' dir='ltr'><strong>lator?</strong></span> <span class='ocrx_word' id='word_1_28' title='bbox 636 1301 802 1368; x_wconf 85' lang='lat' dir='ltr'><strong>Thronum</strong></span> <span class='ocrx_word' id='word_1_29' title='bbox 815 1305 892 1368; x_wconf 94' lang='lat' dir='ltr'><strong>mihi</strong></span> <span class='ocrx_word' id='word_1_30' title='bbox 908 1306 1077 1390; x_wconf 90' lang='lat' dir='ltr'><strong>potestatis</strong></span> <span class='ocrx_word' id='word_1_31' title='bbox 1088 1318 1120 1369; x_wconf 90' lang='lat' dir='ltr'><strong>et</strong></span> <span class='ocrx_word' id='word_1_32' title='bbox 1136 1328 1228 1368; x_wconf 92' lang='lat' dir='ltr'><strong>usum</strong></span> <span class='ocrx_word' id='word_1_33' title='bbox 1242 1310 1455 1392; x_wconf 80' lang='lat' dir='ltr'><strong>improperas:</strong></span> 
     </span>
     <span class='ocr_line' id='line_1_6' title="bbox 504 1405 1458 1492; baseline 0.007 -28"><span class='ocrx_word' id='word_1_34' title='bbox 504 1414 536 1466; x_wconf 89' lang='lat' dir='ltr'><strong>at</strong></span> <span class='ocrx_word' id='word_1_35' title='bbox 567 1405 861 1491; x_wconf 87' lang='lat' dir='ltr'><strong>quantulacumque</strong></span> <span class='ocrx_word' id='word_1_36' title='bbox 892 1405 1044 1491; x_wconf 93' lang='lat' dir='ltr'><strong>temporis</strong></span> <span class='ocrx_word' id='word_1_37' title='bbox 1074 1407 1270 1492; x_wconf 84' lang='lat' dir='ltr'><strong>experientia</strong></span> <span class='ocrx_word' id='word_1_38' title='bbox 1305 1405 1458 1484; x_wconf 91' lang='lat' dir='ltr'><strong>didicisti,</strong></span> 
     </span>
     <span class='ocr_line' id='line_1_7' title="bbox 506 1503 1456 1591; baseline 0.006 -26"><span class='ocrx_word' id='word_1_39' title='bbox 506 1503 593 1581; x_wconf 87' lang='lat' dir='ltr'><strong>(nam</strong></span> <span class='ocrx_word' id='word_1_40' title='bbox 610 1505 650 1568; x_wconf 88' lang='lat' dir='ltr'><strong>de</strong></span> <span class='ocrx_word' id='word_1_41' title='bbox 666 1506 731 1568; x_wconf 88' lang='lat' dir='ltr'><strong>sola</strong></span> <span class='ocrx_word' id='word_1_42' title='bbox 752 1507 886 1580; x_wconf 86' lang='lat' dir='ltr'><strong>dierum,</strong></span> <span class='ocrx_word' id='word_1_43' title='bbox 904 1507 1023 1591; x_wconf 92' lang='lat' dir='ltr'><strong>quibus</strong></span> <span class='ocrx_word' id='word_1_44' title='bbox 1038 1511 1223 1572; x_wconf 90' lang='lat' dir='ltr'><strong>commorati</strong></span> <span class='ocrx_word' id='word_1_45' title='bbox 1237 1531 1367 1586; x_wconf 89' lang='lat' dir='ltr'><strong>sumus,</strong></span> <span class='ocrx_word' id='word_1_46' title='bbox 1383 1531 1456 1571; x_wconf 92' lang='lat' dir='ltr'><strong>con·</strong></span> 
     </span>
     <span class='ocr_line' id='line_1_8' title="bbox 504 1606 1455 1694; baseline 0.006 -28"><span class='ocrx_word' id='word_1_47' title='bbox 504 1627 622 1688; x_wconf 91' lang='lat' dir='ltr'><strong>queror</strong></span> <span class='ocrx_word' id='word_1_48' title='bbox 652 1607 828 1688; x_wconf 84' lang='lat' dir='ltr'><strong>brevitate,)</strong></span> <span class='ocrx_word' id='word_1_49' title='bbox 853 1606 992 1671; x_wconf 87' lang='lat' dir='ltr'><strong>didicisti</strong></span> <span class='ocrx_word' id='word_1_50' title='bbox 1022 1609 1153 1692; x_wconf 90' lang='lat' dir='ltr'><strong>inquam</strong></span> <span class='ocrx_word' id='word_1_51' title='bbox 1185 1609 1272 1694; x_wconf 95' lang='lat' dir='ltr'><strong>quod</strong></span> <span class='ocrx_word' id='word_1_52' title='bbox 1299 1609 1330 1671; x_wconf 89' lang='lat' dir='ltr'><strong>in</strong></span> <span class='ocrx_word' id='word_1_53' title='bbox 1360 1609 1455 1672; x_wconf 93' lang='lat' dir='ltr'><strong>domo</strong></span> 
     </span>
     <span class='ocr_line' id='line_1_9' title="bbox 504 1705 1455 1795; baseline 0.009 -29"><span class='ocrx_word' id='word_1_54' title='bbox 504 1705 624 1768; x_wconf 92' lang='lat' dir='ltr'><strong>domini</strong></span> <span class='ocrx_word' id='word_1_55' title='bbox 637 1706 697 1768; x_wconf 91' lang='lat' dir='ltr'><strong>mei</strong></span> <span class='ocrx_word' id='word_1_56' title='bbox 709 1707 827 1791; x_wconf 91' lang='lat' dir='ltr'><strong>primos</strong></span> <span class='ocrx_word' id='word_1_57' title='bbox 843 1708 1006 1771; x_wconf 90' lang='lat' dir='ltr'><strong>recubitus</strong></span> <span class='ocrx_word' id='word_1_58' title='bbox 1017 1731 1079 1772; x_wconf 90' lang='lat' dir='ltr'><strong>non</strong></span> <span class='ocrx_word' id='word_1_59' title='bbox 1097 1731 1227 1794; x_wconf 91' lang='lat' dir='ltr'><strong>usurpo,</strong></span> <span class='ocrx_word' id='word_1_60' title='bbox 1238 1711 1326 1795; x_wconf 92' lang='lat' dir='ltr'><strong>quod</strong></span> <span class='ocrx_word' id='word_1_61' title='bbox 1343 1723 1455 1795; x_wconf 87' lang='lat' dir='ltr'><strong>sponte</strong></span> 
     </span>
     <span class='ocr_line' id='line_1_10' title="bbox 505 1806 1453 1894; baseline 0.006 -28"><span class='ocrx_word' id='word_1_62' title='bbox 505 1828 574 1867; x_wconf 86' lang='lat' dir='ltr'><strong>mea</strong></span> <span class='ocrx_word' id='word_1_63' title='bbox 600 1819 632 1870; x_wconf 87' lang='lat' dir='ltr'><strong>et</strong></span> <span class='ocrx_word' id='word_1_64' title='bbox 659 1806 802 1870; x_wconf 90' lang='lat' dir='ltr'><strong>ultronea</strong></span> <span class='ocrx_word' id='word_1_65' title='bbox 826 1807 990 1870; x_wconf 89' lang='lat' dir='ltr'><strong>voluntate</strong></span> <span class='ocrx_word' id='word_1_66' title='bbox 1016 1809 1163 1894; x_wconf 90' lang='lat' dir='ltr'><strong>pluribus</strong></span> <span class='ocrx_word' id='word_1_67' title='bbox 1189 1810 1276 1873; x_wconf 93' lang='lat' dir='ltr'><strong>cedo.</strong></span> <span class='ocrx_word' id='word_1_68' title='bbox 1321 1812 1453 1874; x_wconf 86' lang='lat' dir='ltr'><strong>Justum</strong></span> 
     </span>
     <span class='ocr_line' id='line_1_11' title="bbox 504 1906 1455 1995; baseline 0.006 -27"><span class='ocrx_word' id='word_1_69' title='bbox 504 1906 660 1991; x_wconf 89' lang='lat' dir='ltr'><strong>siquidem</strong></span> <span class='ocrx_word' id='word_1_70' title='bbox 677 1920 724 1970; x_wconf 90' lang='lat' dir='ltr'><strong>est</strong></span> <span class='ocrx_word' id='word_1_71' title='bbox 742 1921 777 1971; x_wconf 92' lang='lat' dir='ltr'><strong>ut</strong></span> <span class='ocrx_word' id='word_1_72' title='bbox 793 1908 824 1971; x_wconf 92' lang='lat' dir='ltr'><strong>in</strong></span> <span class='ocrx_word' id='word_1_73' title='bbox 842 1921 931 1972; x_wconf 90' lang='lat' dir='ltr'><strong>tanta</strong></span> <span class='ocrx_word' id='word_1_74' title='bbox 946 1909 1046 1995; x_wconf 86' lang='lat' dir='ltr'><strong>patris</strong></span> <span class='ocrx_word' id='word_1_75' title='bbox 1061 1910 1168 1986; x_wconf 93' lang='lat' dir='ltr'><strong>domo,</strong></span> <span class='ocrx_word' id='word_1_76' title='bbox 1184 1910 1265 1974; x_wconf 89' lang='lat' dir='ltr'><strong>sicut</strong></span> <span class='ocrx_word' id='word_1_77' title='bbox 1288 1910 1408 1973; x_wconf 90' lang='lat' dir='ltr'><strong>meritis</strong></span> <span class='ocrx_word' id='word_1_78' title='bbox 1423 1923 1455 1974; x_wconf 93' lang='lat' dir='ltr'><strong>et</strong></span> 
     </span>
     <span class='ocr_line' id='line_1_12' title="bbox 503 2006 1456 2097; baseline 0.006 -29"><span class='ocrx_word' id='word_1_79' title='bbox 503 2006 727 2092; x_wconf 63' lang='lat' dir='ltr'><strong>dignitatibus</strong></span> <span class='ocrx_word' id='word_1_80' title='bbox 743 2012 788 2072; x_wconf 88' lang='lat' dir='ltr'><strong>ita</strong></span> <span class='ocrx_word' id='word_1_81' title='bbox 803 2031 852 2071; x_wconf 90' lang='lat' dir='ltr'><strong>me</strong></span> <span class='ocrx_word' id='word_1_82' title='bbox 869 2009 1056 2086; x_wconf 89' lang='lat' dir='ltr'><strong>honoribus,</strong></span> <span class='ocrx_word' id='word_1_83' title='bbox 1072 2025 1103 2076; x_wconf 92' lang='lat' dir='ltr'><strong>et</strong></span> <span class='ocrx_word' id='word_1_84' title='bbox 1122 2036 1179 2076; x_wconf 92' lang='lat' dir='ltr'><strong>usu</strong></span> <span class='ocrx_word' id='word_1_85' title='bbox 1197 2011 1363 2097; x_wconf 87' lang='lat' dir='ltr'><strong>potestatis</strong></span> <span class='ocrx_word' id='word_1_86' title='bbox 1384 2012 1456 2095; x_wconf 87' lang='lat' dir='ltr'><strong>plu-</strong></span> 
     </span>
     <span class='ocr_line' id='line_1_13' title="bbox 503 2109 1453 2197; baseline 0.003 -25"><span class='ocrx_word' id='word_1_87' title='bbox 503 2109 572 2172; x_wconf 88' lang='lat' dir='ltr'><strong>rimi</strong></span> <span class='ocrx_word' id='word_1_88' title='bbox 599 2111 798 2175; x_wconf 87' lang='lat' dir='ltr'><strong>antecedant.</strong></span> <span class='ocrx_word' id='word_1_89' title='bbox 843 2111 993 2174; x_wconf 83' lang='lat' dir='ltr'><strong>Amicum</strong></span> <span class='ocrx_word' id='word_1_90' title='bbox 1026 2114 1132 2197; x_wconf 91' lang='lat' dir='ltr'><strong>inquis</strong></span> <span class='ocrx_word' id='word_1_91' title='bbox 1161 2111 1323 2175; x_wconf 89' lang='lat' dir='ltr'><strong>humilem.</strong></span> <span class='ocrx_word' id='word_1_92' title='bbox 1369 2110 1453 2188; x_wconf 84' lang='lat' dir='ltr'><strong>Quid</strong></span> 
     </span>
     <span class='ocr_line' id='line_1_14' title="bbox 501 2212 1459 2298; baseline 0.001 -24"><span class='ocrx_word' id='word_1_93' title='bbox 501 2233 609 2294; x_wconf 82' lang='lat' dir='ltr'><strong>quaeso</strong></span> <span class='ocrx_word' id='word_1_94' title='bbox 624 2212 712 2275; x_wconf 91' lang='lat' dir='ltr'><strong>aliud</strong></span> <span class='ocrx_word' id='word_1_95' title='bbox 728 2226 775 2276; x_wconf 87' lang='lat' dir='ltr'><strong>est</strong></span> <span class='ocrx_word' id='word_1_96' title='bbox 797 2212 865 2275; x_wconf 87' lang='lat' dir='ltr'><strong>haec</strong></span> <span class='ocrx_word' id='word_1_97' title='bbox 888 2212 1078 2278; x_wconf 89' lang='lat' dir='ltr'><strong>humilitatis</strong></span> <span class='ocrx_word' id='word_1_98' title='bbox 1101 2213 1264 2298; x_wconf 83' lang='lat' dir='ltr'><strong>professio,</strong></span> <span class='ocrx_word' id='word_1_99' title='bbox 1279 2235 1375 2297; x_wconf 90' lang='lat' dir='ltr'><strong>quam</strong></span> <span class='ocrx_word' id='word_1_100' title='bbox 1392 2213 1459 2276; x_wconf 70' lang='lat' dir='ltr'><strong>cal-</strong></span> 
     </span>
     <span class='ocr_line' id='line_1_15' title="bbox 499 2308 1454 2398; baseline 0.005 -27"><span class='ocrx_word' id='word_1_101' title='bbox 499 2308 565 2373; x_wconf 87' lang='lat' dir='ltr'><strong>lida</strong></span> <span class='ocrx_word' id='word_1_102' title='bbox 591 2312 739 2397; x_wconf 89' lang='lat' dir='ltr'><strong>quaedam</strong></span> <span class='ocrx_word' id='word_1_103' title='bbox 766 2312 935 2377; x_wconf 87' lang='lat' dir='ltr'><strong>ostentatio</strong></span> <span class='ocrx_word' id='word_1_104' title='bbox 964 2313 1131 2398; x_wconf 89' lang='lat' dir='ltr'><strong>dignitatis</strong></span> <span class='ocrx_word' id='word_1_105' title='bbox 1160 2327 1192 2378; x_wconf 92' lang='lat' dir='ltr'><strong>et</strong></span> <span class='ocrx_word' id='word_1_106' title='bbox 1221 2312 1353 2398; x_wconf 75' lang='lat' dir='ltr'><strong>graduS,</strong></span> <span class='ocrx_word' id='word_1_107' title='bbox 1378 2313 1454 2376; x_wconf 88' lang='lat' dir='ltr'><strong>sub·</strong></span> 
     </span>
     <span class='ocr_line' id='line_1_16' title="bbox 499 2411 1452 2491; baseline 0.006 -19"><span class='ocrx_word' id='word_1_108' title='bbox 499 2411 646 2476; x_wconf 85' lang='lat' dir='ltr'><strong>affectata</strong></span> <span class='ocrx_word' id='word_1_109' title='bbox 667 2413 878 2477; x_wconf 90' lang='lat' dir='ltr'><strong>dissimulatio</strong></span> <span class='ocrx_word' id='word_1_110' title='bbox 897 2414 1096 2479; x_wconf 83' lang='lat' dir='ltr'><strong>celsitudinis</strong></span> <span class='ocrx_word' id='word_1_111' title='bbox 1112 2427 1144 2478; x_wconf 94' lang='lat' dir='ltr'><strong>et</strong></span> <span class='ocrx_word' id='word_1_112' title='bbox 1158 2414 1311 2480; x_wconf 87' lang='lat' dir='ltr'><strong>honoris?</strong></span> <span class='ocrx_word' id='word_1_113' title='bbox 1342 2414 1452 2491; x_wconf 84' lang='lat' dir='ltr'><strong>Quali·</strong></span> 
     </span>
     <span class='ocr_line' id='line_1_17' title="bbox 499 2511 1451 2599; baseline 0.004 -26"><span class='ocrx_word' id='word_1_114' title='bbox 499 2511 586 2593; x_wconf 89' lang='lat' dir='ltr'><strong>quali</strong></span> <span class='ocrx_word' id='word_1_115' title='bbox 602 2513 748 2577; x_wconf 89' lang='lat' dir='ltr'><strong>chartula</strong></span> <span class='ocrx_word' id='word_1_116' title='bbox 763 2513 915 2598; x_wconf 88' lang='lat' dir='ltr'><strong>adjecisti.</strong></span> <span class='ocrx_word' id='word_1_117' title='bbox 962 2515 1065 2590; x_wconf 82' lang='lat' dir='ltr'><strong>Quam</strong></span> <span class='ocrx_word' id='word_1_118' title='bbox 1082 2514 1164 2577; x_wconf 93' lang='lat' dir='ltr'><strong>enim</strong></span> <span class='ocrx_word' id='word_1_119' title='bbox 1181 2513 1286 2589; x_wconf 87' lang='lat' dir='ltr'><strong>aliam,</strong></span> <span class='ocrx_word' id='word_1_120' title='bbox 1299 2511 1357 2576; x_wconf 92' lang='lat' dir='ltr'><strong>nisi</strong></span> <span class='ocrx_word' id='word_1_121' title='bbox 1373 2535 1451 2599; x_wconf 90' lang='lat' dir='ltr'><strong>qua-</strong></span> 
     </span>
     <span class='ocr_line' id='line_1_18' title="bbox 497 2613 1450 2701; baseline 0.005 -28"><span class='ocrx_word' id='word_1_122' title='bbox 497 2613 699 2697; x_wconf 88' lang='lat' dir='ltr'><strong>lemqualem,</strong></span> <span class='ocrx_word' id='word_1_123' title='bbox 730 2614 877 2678; x_wconf 87' lang='lat' dir='ltr'><strong>videlicet</strong></span> <span class='ocrx_word' id='word_1_124' title='bbox 909 2613 1061 2701; x_wconf 85' lang='lat' dir='ltr'><strong>ineptam,</strong></span> <span class='ocrx_word' id='word_1_125' title='bbox 1093 2616 1199 2679; x_wconf 92' lang='lat' dir='ltr'><strong>mittet</strong></span> <span class='ocrx_word' id='word_1_126' title='bbox 1231 2614 1380 2678; x_wconf 90' lang='lat' dir='ltr'><strong>indoctus</strong></span> <span class='ocrx_word' id='word_1_127' title='bbox 1417 2630 1450 2678; x_wconf 87' lang='lat' dir='ltr'><strong>et</strong></span> 
     </span>
     <span class='ocr_line' id='line_1_19' title="bbox 498 2712 1448 2800; baseline 0.006 -28"><span class='ocrx_word' id='word_1_128' title='bbox 498 2712 599 2788; x_wconf 77' lang='lat' dir='ltr'><strong>rudiS,</strong></span> <span class='ocrx_word' id='word_1_129' title='bbox 611 2725 641 2776; x_wconf 90' lang='lat' dir='ltr'><strong>et</strong></span> <span class='ocrx_word' id='word_1_130' title='bbox 658 2715 714 2798; x_wconf 95' lang='lat' dir='ltr'><strong>qui</strong></span> <span class='ocrx_word' id='word_1_131' title='bbox 730 2716 886 2797; x_wconf 87' lang='lat' dir='ltr'><strong>praevisus</strong></span> <span class='ocrx_word' id='word_1_132' title='bbox 901 2716 941 2778; x_wconf 87' lang='lat' dir='ltr'><strong>ab</strong></span> <span class='ocrx_word' id='word_1_133' title='bbox 956 2715 1065 2799; x_wconf 92' lang='lat' dir='ltr'><strong>aliquo</strong></span> <span class='ocrx_word' id='word_1_134' title='bbox 1080 2716 1280 2794; x_wconf 86' lang='lat' dir='ltr'><strong>Lexoviensi,</strong></span> <span class='ocrx_word' id='word_1_135' title='bbox 1296 2729 1448 2800; x_wconf 85' lang='lat' dir='ltr'><strong>tanquam</strong></span> 
     </span>
     <span class='ocr_line' id='line_1_20' title="bbox 499 2808 1448 2901; baseline 0.007 -29"><span class='ocrx_word' id='word_1_136' title='bbox 499 2808 613 2875; x_wconf 80' lang='lat' dir='ltr'><strong>Moeris</strong></span> <span class='ocrx_word' id='word_1_137' title='bbox 628 2812 708 2877; x_wconf 91' lang='lat' dir='ltr'><strong>alius</strong></span> <span class='ocrx_word' id='word_1_138' title='bbox 722 2815 942 2878; x_wconf 86' lang='lat' dir='ltr'><strong>obmutescet?</strong></span> <span class='ocrx_word' id='word_1_139' title='bbox 978 2815 1041 2878; x_wconf 91' lang='lat' dir='ltr'><strong>Hic</strong></span> <span class='ocrx_word' id='word_1_140' title='bbox 1059 2816 1169 2898; x_wconf 88' lang='lat' dir='ltr'><strong>utique</strong></span> <span class='ocrx_word' id='word_1_141' title='bbox 1192 2828 1318 2901; x_wconf 85' lang='lat' dir='ltr'><strong>apertos</strong></span> <span class='ocrx_word' id='word_1_142' title='bbox 1339 2814 1448 2879; x_wconf 87' lang='lat' dir='ltr'><strong>oculos</strong></span> 
     </span>
     <span class='ocr_line' id='line_1_21' title="bbox 497 2912 1447 2999; baseline 0.003 -25"><span class='ocrx_word' id='word_1_143' title='bbox 497 2912 648 2989; x_wconf 89' lang='lat' dir='ltr'><strong>habuisti,</strong></span> <span class='ocrx_word' id='word_1_144' title='bbox 664 2926 695 2978; x_wconf 92' lang='lat' dir='ltr'><strong>et</strong></span> <span class='ocrx_word' id='word_1_145' title='bbox 711 2913 750 2977; x_wconf 95' lang='lat' dir='ltr'><strong>de</strong></span> <span class='ocrx_word' id='word_1_146' title='bbox 766 2914 888 2976; x_wconf 89' lang='lat' dir='ltr'><strong>viribus</strong></span> <span class='ocrx_word' id='word_1_147' title='bbox 903 2915 981 2977; x_wconf 93' lang='lat' dir='ltr'><strong>meis</strong></span> <span class='ocrx_word' id='word_1_148' title='bbox 1000 2924 1082 2977; x_wconf 89' lang='lat' dir='ltr'><strong>recte</strong></span> <span class='ocrx_word' id='word_1_149' title='bbox 1100 2914 1241 2999; x_wconf 90' lang='lat' dir='ltr'><strong>judicas,</strong></span> <span class='ocrx_word' id='word_1_150' title='bbox 1255 2915 1333 2977; x_wconf 94' lang='lat' dir='ltr'><strong>dum</strong></span> <span class='ocrx_word' id='word_1_151' title='bbox 1356 2938 1375 2977; x_wconf 91' lang='lat' dir='ltr'><strong>a</strong></span> <span class='ocrx_word' id='word_1_152' title='bbox 1396 2937 1447 2978; x_wconf 90' lang='lat' dir='ltr'><strong>me</strong></span> 
     </span>
     <span class='ocr_line' id='line_1_22' title="bbox 496 3014 1447 3101; baseline 0.003 -25"><span class='ocrx_word' id='word_1_153' title='bbox 496 3014 619 3077; x_wconf 90' lang='lat' dir='ltr'><strong>nonnisi</strong></span> <span class='ocrx_word' id='word_1_154' title='bbox 640 3014 815 3079; x_wconf 88' lang='lat' dir='ltr'><strong>chartulam</strong></span> <span class='ocrx_word' id='word_1_155' title='bbox 839 3016 1094 3101; x_wconf 88' lang='lat' dir='ltr'><strong>qualemqualem</strong></span> <span class='ocrx_word' id='word_1_156' title='bbox 1118 3025 1276 3101; x_wconf 88' lang='lat' dir='ltr'><strong>expectas.</strong></span> <span class='ocrx_word' id='word_1_157' title='bbox 1322 3016 1447 3079; x_wconf 88' lang='lat' dir='ltr'><strong>Deinde</strong></span> 
     </span>
     <span class='ocr_line' id='line_1_23' title="bbox 496 3114 1444 3199; baseline 0.001 -23"><span class='ocrx_word' id='word_1_158' title='bbox 496 3126 533 3177; x_wconf 94' lang='lat' dir='ltr'><strong>ut</strong></span> <span class='ocrx_word' id='word_1_159' title='bbox 548 3114 709 3197; x_wconf 90' lang='lat' dir='ltr'><strong>supercilii</strong></span> <span class='ocrx_word' id='word_1_160' title='bbox 724 3137 775 3178; x_wconf 89' lang='lat' dir='ltr'><strong>me</strong></span> <span class='ocrx_word' id='word_1_161' title='bbox 790 3114 967 3191; x_wconf 89' lang='lat' dir='ltr'><strong>convincas,</strong></span> <span class='ocrx_word' id='word_1_162' title='bbox 980 3129 1036 3179; x_wconf 90' lang='lat' dir='ltr'><strong>aut</strong></span> <span class='ocrx_word' id='word_1_163' title='bbox 1052 3114 1265 3199; x_wconf 70' lang='lat' dir='ltr'><strong>negligentiae,</strong></span> <span class='ocrx_word' id='word_1_164' title='bbox 1278 3137 1444 3178; x_wconf 90' lang='lat' dir='ltr'><strong>numerum</strong></span> 
     </span>
     <span class='ocr_line' id='line_1_24' title="bbox 495 3216 1445 3302; baseline 0.005 -26"><span class='ocrx_word' id='word_1_165' title='bbox 495 3228 675 3279; x_wconf 91' lang='lat' dir='ltr'><strong>nostrorum</strong></span> <span class='ocrx_word' id='word_1_166' title='bbox 692 3217 748 3301; x_wconf 92' lang='lat' dir='ltr'><strong>qui</strong></span> <span class='ocrx_word' id='word_1_167' title='bbox 767 3216 916 3279; x_wconf 87' lang='lat' dir='ltr'><strong>Tolosam</strong></span> <span class='ocrx_word' id='word_1_168' title='bbox 932 3217 1166 3302; x_wconf 88' lang='lat' dir='ltr'><strong>aggrediuntur</strong></span> <span class='ocrx_word' id='word_1_169' title='bbox 1182 3217 1259 3280; x_wconf 89' lang='lat' dir='ltr'><strong>mihi</strong></span> <span class='ocrx_word' id='word_1_170' title='bbox 1274 3217 1396 3302; x_wconf 83' lang='lat' dir='ltr'><strong>objicis,</strong></span> <span class='ocrx_word' id='word_1_171' title='bbox 1408 3240 1445 3281; x_wconf 91' lang='lat' dir='ltr'><strong>ac</strong></span> 
     </span>
     <span class='ocr_line' id='line_1_25' title="bbox 494 3316 1443 3405; baseline 0.003 -26"><span class='ocrx_word' id='word_1_172' title='bbox 494 3316 520 3379; x_wconf 92' lang='lat' dir='ltr'><strong>si</strong></span> <span class='ocrx_word' id='word_1_173' title='bbox 540 3339 647 3381; x_wconf 89' lang='lat' dir='ltr'><strong>omnes</strong></span> <span class='ocrx_word' id='word_1_174' title='bbox 672 3317 876 3402; x_wconf 88' lang='lat' dir='ltr'><strong>Tolosipetas</strong></span> <span class='ocrx_word' id='word_1_175' title='bbox 898 3341 955 3405; x_wconf 88' lang='lat' dir='ltr'><strong>per</strong></span> <span class='ocrx_word' id='word_1_176' title='bbox 979 3320 1091 3383; x_wconf 89' lang='lat' dir='ltr'><strong>urbem</strong></span> <span class='ocrx_word' id='word_1_177' title='bbox 1114 3320 1362 3383; x_wconf 84' lang='lat' dir='ltr'><strong>Lexoviensium</strong></span> <span class='ocrx_word' id='word_1_178' title='bbox 1387 3331 1443 3383; x_wconf 92' lang='lat' dir='ltr'><strong>aut</strong></span> 
     </span>
     <span class='ocr_line' id='line_1_26' title="bbox 494 3419 1444 3485; baseline 0.004 -5"><span class='ocrx_word' id='word_1_179' title='bbox 494 3420 713 3483; x_wconf 90' lang='lat' dir='ltr'><strong>Baiocensium</strong></span> <span class='ocrx_word' id='word_1_180' title='bbox 741 3419 909 3483; x_wconf 90' lang='lat' dir='ltr'><strong>transitum</strong></span> <span class='ocrx_word' id='word_1_181' title='bbox 940 3420 1081 3484; x_wconf 89' lang='lat' dir='ltr'><strong>noverim</strong></span> <span class='ocrx_word' id='word_1_182' title='bbox 1108 3420 1283 3485; x_wconf 85' lang='lat' dir='ltr'><strong>habituros.</strong></span> <span class='ocrx_word' id='word_1_183' title='bbox 1338 3420 1444 3484; x_wconf 86' lang='lat' dir='ltr'><strong>Situm</strong></span> 
     </span>
     <span class='ocr_line' id='line_1_27' title="bbox 492 3520 1444 3607; baseline 0.004 -27"><span class='ocrx_word' id='word_1_184' title='bbox 492 3541 629 3604; x_wconf 89' lang='lat' dir='ltr'><strong>namque</strong></span> <span class='ocrx_word' id='word_1_185' title='bbox 640 3520 767 3584; x_wconf 88' lang='lat' dir='ltr'><strong>urbium</strong></span> <span class='ocrx_word' id='word_1_186' title='bbox 782 3533 957 3584; x_wconf 87' lang='lat' dir='ltr'><strong>vestrarum</strong></span> <span class='ocrx_word' id='word_1_187' title='bbox 971 3521 1094 3605; x_wconf 86' lang='lat' dir='ltr'><strong>ignoro,</strong></span> <span class='ocrx_word' id='word_1_188' title='bbox 1105 3534 1137 3585; x_wconf 94' lang='lat' dir='ltr'><strong>et</strong></span> <span class='ocrx_word' id='word_1_189' title='bbox 1148 3521 1253 3585; x_wconf 89' lang='lat' dir='ltr'><strong>nescio</strong></span> <span class='ocrx_word' id='word_1_190' title='bbox 1266 3544 1330 3607; x_wconf 94' lang='lat' dir='ltr'><strong>qua</strong></span> <span class='ocrx_word' id='word_1_191' title='bbox 1342 3534 1444 3585; x_wconf 90' lang='lat' dir='ltr'><strong>trans-</strong></span> 
     </span>
     <span class='ocr_line' id='line_1_28' title="bbox 492 3620 1442 3707; baseline 0.003 -26"><span class='ocrx_word' id='word_1_192' title='bbox 492 3620 568 3684; x_wconf 89' lang='lat' dir='ltr'><strong>ituri</strong></span> <span class='ocrx_word' id='word_1_193' title='bbox 583 3635 684 3697; x_wconf 90' lang='lat' dir='ltr'><strong>erant,</strong></span> <span class='ocrx_word' id='word_1_194' title='bbox 700 3645 782 3707; x_wconf 92' lang='lat' dir='ltr'><strong>quos</strong></span> <span class='ocrx_word' id='word_1_195' title='bbox 798 3622 829 3685; x_wconf 92' lang='lat' dir='ltr'><strong>in</strong></span> <span class='ocrx_word' id='word_1_196' title='bbox 847 3624 925 3686; x_wconf 91' lang='lat' dir='ltr'><strong>urbe</strong></span> <span class='ocrx_word' id='word_1_197' title='bbox 948 3625 1156 3687; x_wconf 87' lang='lat' dir='ltr'><strong>Pictavorum</strong></span> <span class='ocrx_word' id='word_1_198' title='bbox 1169 3646 1209 3687; x_wconf 86' lang='lat' dir='ltr'><strong>ex</strong></span> <span class='ocrx_word' id='word_1_199' title='bbox 1231 3624 1335 3687; x_wconf 92' lang='lat' dir='ltr'><strong>edicto</strong></span> <span class='ocrx_word' id='word_1_200' title='bbox 1357 3621 1442 3705; x_wconf 86' lang='lat' dir='ltr'><strong>regis</strong></span> 
     </span>
     <span class='ocr_line' id='line_1_29' title="bbox 492 3721 1442 3808; baseline -0.002 -24"><span class='ocrx_word' id='word_1_201' title='bbox 492 3723 634 3807; x_wconf 90' lang='lat' dir='ltr'><strong>oportuit</strong></span> <span class='ocrx_word' id='word_1_202' title='bbox 656 3723 832 3787; x_wconf 89' lang='lat' dir='ltr'><strong>convenire.</strong></span> <span class='ocrx_word' id='word_1_203' title='bbox 879 3725 929 3786; x_wconf 88' lang='lat' dir='ltr'><strong>Te</strong></span> <span class='ocrx_word' id='word_1_204' title='bbox 951 3724 1081 3808; x_wconf 87' lang='lat' dir='ltr'><strong>quidem</strong></span> <span class='ocrx_word' id='word_1_205' title='bbox 1103 3723 1231 3786; x_wconf 90' lang='lat' dir='ltr'><strong>minime</strong></span> <span class='ocrx_word' id='word_1_206' title='bbox 1253 3724 1299 3786; x_wconf 92' lang='lat' dir='ltr'><strong>ibi</strong></span> <span class='ocrx_word' id='word_1_207' title='bbox 1321 3721 1442 3784; x_wconf 89' lang='lat' dir='ltr'><strong>inveni·</strong></span> 
     </span>
     <span class='ocr_line' id='line_1_30' title="bbox 492 3822 1441 3908; baseline -0.006 -21"><span class='ocrx_word' id='word_1_208' title='bbox 492 3824 609 3887; x_wconf 90' lang='lat' dir='ltr'><strong>endum</strong></span> <span class='ocrx_word' id='word_1_209' title='bbox 633 3824 765 3901; x_wconf 89' lang='lat' dir='ltr'><strong>credidi,</strong></span> <span class='ocrx_word' id='word_1_210' title='bbox 782 3847 838 3887; x_wconf 89' lang='lat' dir='ltr'><strong>nec</strong></span> <span class='ocrx_word' id='word_1_211' title='bbox 858 3823 1020 3887; x_wconf 88' lang='lat' dir='ltr'><strong>audieram</strong></span> <span class='ocrx_word' id='word_1_212' title='bbox 1044 3822 1132 3908; x_wconf 93' lang='lat' dir='ltr'><strong>quod</strong></span> <span class='ocrx_word' id='word_1_213' title='bbox 1151 3836 1187 3886; x_wconf 93' lang='lat' dir='ltr'><strong>tu</strong></span> <span class='ocrx_word' id='word_1_214' title='bbox 1202 3822 1323 3885; x_wconf 86' lang='lat' dir='ltr'><strong>felicem</strong></span> <span class='ocrx_word' id='word_1_215' title='bbox 1346 3841 1441 3905; x_wconf 88' lang='lat' dir='ltr'><strong>expe-</strong></span> 
     </span>
    </p>
   </div>
   <div class='ocr_carea' id='block_1_3' title="bbox 488 3920 1438 4510">
    <p class='ocr_par' dir='ltr' id='par_1_3' title="bbox 488 3920 1438 4510">
     <span class='ocr_line' id='line_1_31' title="bbox 490 3920 1437 4009; baseline -0.004 -22"><span class='ocrx_word' id='word_1_216' title='bbox 490 3924 641 3988; x_wconf 91' lang='lat' dir='ltr'><strong>ditionem</strong></span> <span class='ocrx_word' id='word_1_217' title='bbox 668 3925 729 3989; x_wconf 90' lang='lat' dir='ltr'><strong>alio</strong></span> <span class='ocrx_word' id='word_1_218' title='bbox 756 3923 853 3987; x_wconf 93' lang='lat' dir='ltr'><strong>modo</strong></span> <span class='ocrx_word' id='word_1_219' title='bbox 883 3947 977 4009; x_wconf 88' lang='lat' dir='ltr'><strong>quam</strong></span> <span class='ocrx_word' id='word_1_220' title='bbox 1005 3924 1200 3987; x_wconf 87' lang='lat' dir='ltr'><strong>orationibus</strong></span> <span class='ocrx_word' id='word_1_221' title='bbox 1228 3920 1437 4007; x_wconf 87' lang='lat' dir='ltr'><strong>prosequaris.</strong></span> 
     </span>
     <span class='ocr_line' id='line_1_32' title="bbox 490 4022 1438 4109; baseline 0 -24"><span class='ocrx_word' id='word_1_222' title='bbox 490 4025 648 4088; x_wconf 84' lang='lat' dir='ltr'><strong>Noveram</strong></span> <span class='ocrx_word' id='word_1_223' title='bbox 666 4038 770 4089; x_wconf 91' lang='lat' dir='ltr'><strong>tamen</strong></span> <span class='ocrx_word' id='word_1_224' title='bbox 793 4048 832 4089; x_wconf 86' lang='lat' dir='ltr'><strong>ex</strong></span> <span class='ocrx_word' id='word_1_225' title='bbox 855 4024 1006 4088; x_wconf 89' lang='lat' dir='ltr'><strong>relatione</strong></span> <span class='ocrx_word' id='word_1_226' title='bbox 1020 4028 1193 4088; x_wconf 89' lang='lat' dir='ltr'><strong>multorum</strong></span> <span class='ocrx_word' id='word_1_227' title='bbox 1216 4023 1357 4109; x_wconf 82' lang='lat' dir='ltr'><strong>quiores</strong></span> <span class='ocrx_word' id='word_1_228' title='bbox 1372 4022 1438 4085; x_wconf 89' lang='lat' dir='ltr'><strong>sinc</strong></span> 
     </span>
     <span class='ocr_line' id='line_1_33' title="bbox 490 4125 1434 4211; baseline -0.002 -24"><span class='ocrx_word' id='word_1_229' title='bbox 490 4126 740 4190; x_wconf 87' lang='lat' dir='ltr'><strong>Lexoviensibus</strong></span> <span class='ocrx_word' id='word_1_230' title='bbox 762 4126 836 4189; x_wconf 89' lang='lat' dir='ltr'><strong>duci</strong></span> <span class='ocrx_word' id='word_1_231' title='bbox 859 4149 920 4189; x_wconf 93' lang='lat' dir='ltr'><strong>non</strong></span> <span class='ocrx_word' id='word_1_232' title='bbox 944 4138 1081 4211; x_wconf 86' lang='lat' dir='ltr'><strong>poterat,</strong></span> <span class='ocrx_word' id='word_1_233' title='bbox 1096 4126 1173 4210; x_wconf 92' lang='lat' dir='ltr'><strong>quia</strong></span> <span class='ocrx_word' id='word_1_234' title='bbox 1193 4125 1312 4209; x_wconf 90' lang='lat' dir='ltr'><strong>linguae</strong></span> <span class='ocrx_word' id='word_1_235' title='bbox 1326 4145 1434 4187; x_wconf 91' lang='lat' dir='ltr'><strong>eorum</strong></span> 
     </span>
     <span class='ocr_line' id='line_1_34' title="bbox 489 4223 1435 4314; baseline 0.002 -31"><span class='ocrx_word' id='word_1_236' title='bbox 489 4223 633 4287; x_wconf 90' lang='lat' dir='ltr'><strong>incendia</strong></span> <span class='ocrx_word' id='word_1_237' title='bbox 658 4227 731 4290; x_wconf 90' lang='lat' dir='ltr'><strong>belli</strong></span> <span class='ocrx_word' id='word_1_238' title='bbox 755 4228 848 4291; x_wconf 88' lang='lat' dir='ltr'><strong>factae</strong></span> <span class='ocrx_word' id='word_1_239' title='bbox 866 4240 951 4307; x_wconf 91' lang='lat' dir='ltr'><strong>sunt,</strong></span> <span class='ocrx_word' id='word_1_240' title='bbox 966 4226 1090 4314; x_wconf 91' lang='lat' dir='ltr'><strong>ipsique</strong></span> <span class='ocrx_word' id='word_1_241' title='bbox 1104 4228 1137 4290; x_wconf 95' lang='lat' dir='ltr'><strong>in</strong></span> <span class='ocrx_word' id='word_1_242' title='bbox 1162 4226 1308 4289; x_wconf 89' lang='lat' dir='ltr'><strong>manibus</strong></span> <span class='ocrx_word' id='word_1_243' title='bbox 1330 4226 1435 4307; x_wconf 84' lang='lat' dir='ltr'><strong>ignem</strong></span> 
     </span>
     <span class='ocr_line' id='line_1_35' title="bbox 488 4322 1435 4408; baseline 0 -25"><span class='ocrx_word' id='word_1_244' title='bbox 488 4322 625 4385; x_wconf 84' lang='lat' dir='ltr'><strong>ferentes</strong></span> <span class='ocrx_word' id='word_1_245' title='bbox 643 4337 674 4387; x_wconf 90' lang='lat' dir='ltr'><strong>et</strong></span> <span class='ocrx_word' id='word_1_246' title='bbox 696 4326 838 4408; x_wconf 88' lang='lat' dir='ltr'><strong>gladium</strong></span> <span class='ocrx_word' id='word_1_247' title='bbox 865 4328 1003 4391; x_wconf 91' lang='lat' dir='ltr'><strong>Domino</strong></span> <span class='ocrx_word' id='word_1_248' title='bbox 1018 4328 1214 4392; x_wconf 89' lang='lat' dir='ltr'><strong>exercituum</strong></span> <span class='ocrx_word' id='word_1_249' title='bbox 1230 4325 1435 4389; x_wconf 86' lang='lat' dir='ltr'><strong>famulantur.</strong></span> 
     </span>
     <span class='ocr_line' id='line_1_36' title="bbox 490 4420 1434 4510; baseline -0.003 -23"><span class='ocrx_word' id='word_1_250' title='bbox 490 4421 585 4487; x_wconf 88' lang='lat' dir='ltr'><strong>Unde</strong></span> <span class='ocrx_word' id='word_1_251' title='bbox 603 4420 715 4506; x_wconf 88' lang='lat' dir='ltr'><strong>liquet,</strong></span> <span class='ocrx_word' id='word_1_252' title='bbox 731 4439 761 4486; x_wconf 90' lang='lat' dir='ltr'><strong>et</strong></span> <span class='ocrx_word' id='word_1_253' title='bbox 788 4426 900 4508; x_wconf 92' lang='lat' dir='ltr'><strong>quavis</strong></span> <span class='ocrx_word' id='word_1_254' title='bbox 923 4432 994 4491; x_wconf 87' lang='lat' dir='ltr'><strong>luce</strong></span> <span class='ocrx_word' id='word_1_255' title='bbox 1011 4428 1126 4493; x_wconf 88' lang='lat' dir='ltr'><strong>clarius</strong></span> <span class='ocrx_word' id='word_1_256' title='bbox 1149 4441 1208 4503; x_wconf 89' lang='lat' dir='ltr'><strong>est,</strong></span> <span class='ocrx_word' id='word_1_257' title='bbox 1224 4424 1309 4510; x_wconf 92' lang='lat' dir='ltr'><strong>quod</strong></span> <span class='ocrx_word' id='word_1_258' title='bbox 1333 4424 1434 4505; x_wconf 83' lang='lat' dir='ltr'><strong>legem</strong></span> 
     </span>
    </p>
   </div>
   <div class='ocr_carea' id='block_1_4' title="bbox 0 0 1942 5725">
    <p class='ocr_par' dir='ltr' id='par_1_4' title="bbox 0 0 1942 5725">
     <span class='ocr_line' id='line_1_37' title="bbox 0 0 1942 5725; baseline 0 11"><span class='ocrx_word' id='word_1_259' title='bbox 0 0 1942 5725; x_wconf 95' lang='lat' dir='ltr'><strong> </strong></span> 
     </span>
    </p>
   </div>
  </div>
 </body>
</html>
