3875 5725
415 846 613 925 llas—64]
803 863 980 909 nrrsroum.
1307 847 1368 907 119

409 1014 506 1079 sionis
537 1016 743 1101 peccantium,
769 1027 826 1079 aut
851 1014 1088 1100 jucunditatem
1118 1012 1306 1093 devotionis,
1331 1026 1363 1077 et

410 1121 545 1181 salutem
568 1117 715 1192 fratrum,
739 1128 771 1181 et
794 1117 965 1182 utilitatem
993 1117 1134 1183 omnium
1159 1115 1360 1180 auditorum:

409 1231 441 1283 et
456 1240 540 1283 nunc
559 1218 688 1305 quidem
710 1222 804 1284 rubet
824 1221 857 1283 in
878 1219 973 1282 calice
993 1219 1157 1305 passioniS,
1174 1239 1258 1281 nunc
1279 1214 1364 1281 albet

409 1319 440 1382 in
456 1324 623 1386 sanctitate
642 1334 674 1385 et
696 1322 854 1387 munditia
874 1322 1049 1386 castitatis:
1083 1343 1167 1384 nunc
1193 1319 1295 1383 servet
1315 1340 1366 1382 ca-

408 1422 513 1499 ritate,
529 1445 614 1487 nunc
630 1423 751 1489 redolet
767 1423 927 1488 hilaritate
942 1423 1186 1487 conversationis
1204 1421 1363 1486 honestae:

410 1523 595 1588 subtiliatur
616 1525 789 1601 interdum,
810 1537 845 1590 ut
869 1525 1013 1589 conferat
1035 1523 1187 1603 delicatis,
1210 1545 1293 1587 nunc
1316 1545 1364 1586 so-

410 1623 494 1689 lidus
509 1637 567 1704 est,
583 1639 620 1690 ut
636 1625 820 1690 rudioribus
841 1626 985 1710 proficiat
1007 1638 1038 1689 et
1060 1626 1188 1710 ignaris.
1235 1627 1316 1689 Sunt
1332 1637 1364 1690 et

410 1726 474 1790 illae
489 1725 687 1803 differentiae,
704 1749 785 1812 quas
801 1749 987 1791 enumerare
1001 1725 1134 1811 longum
1154 1738 1213 1802 est,
1227 1748 1364 1809 quarum

413 1825 589 1913 quamlibet
613 1826 750 1892 Falerno
764 1825 960 1912 praetulerim
982 1839 1038 1890 aut
1058 1826 1294 1903 Panormitano,
1309 1839 1366 1891 aut

415 1929 540 2008 Graeco,
556 1952 621 2014 quo
637 1950 687 1992 me
703 1929 831 1993 Siculus
850 1927 1053 1992 cancellarius
1074 1929 1115 1991 ad
1132 1927 1296 2014 pernitiem
1317 1951 1366 1992 sa-

413 2029 556 2116 lutisque
567 2030 770 2116 dispendium
782 2044 892 2115 potare
904 2042 1121 2094 consueverat.
1155 2033 1235 2094 Peto
1246 2030 1367 2117 itaque,

413 2144 449 2196 ut
467 2132 542 2195 inde
565 2129 643 2196 mihi
666 2133 790 2198 faciatis
812 2133 948 2218 copiam,
968 2145 1024 2197 aut
1047 2130 1301 2213 misericordiam,
1323 2133 1369 2197 ita
1443 2167 1446 2172 ·

414 2244 519 2298 tamen
536 2233 623 2321 quod
640 2235 779 2318 Anglico
794 2247 825 2299 et
841 2235 946 2320 potori
962 2238 1106 2298 sufficere
1121 2231 1245 2297 debeat.
1283 2233 1369 2298 Alio-

413 2334 491 2420 quin
506 2349 618 2422 potero
633 2360 689 2401 vos
704 2350 780 2403 nota
797 2336 988 2423 proditionis
1002 2336 1139 2412 inurere,
1156 2346 1186 2399 et
1202 2334 1369 2400 convenire

415 2437 489 2519 doli,
510 2438 567 2526 qui
590 2462 640 2503 me
662 2440 800 2526 panibus
821 2439 1054 2525 ingurgitastis,
1077 2452 1108 2503 et
1131 2461 1197 2523 quo
1218 2438 1252 2501 iu
1274 2461 1369 2502 usum

415 2538 516 2625 digeri
543 2542 666 2626 possint
693 2541 881 2605 subtrahitis
904 2540 1032 2626 potum,
1057 2542 1170 2626 utique
1201 2541 1369 2605 Gallorum

414 2641 654 2716 consuetudine,
670 2654 707 2705 ut
723 2665 806 2725 quos
820 2640 956 2705 invitant
977 2640 1018 2703 ad
1043 2663 1185 2704 mensam
1206 2640 1370 2706 dimittant

416 2761 500 2822 saepe
522 2741 652 2815 sobrios,
669 2764 833 2826 nunquam
859 2743 969 2806 siccos.
1017 2743 1099 2804 Haec
1120 2741 1274 2805 hactenus
1291 2765 1370 2828 qua-

416 2839 489 2904 liter
511 2838 563 2903 ille
585 2840 656 2906 vilis
682 2852 828 2926 apostata
853 2840 1016 2904 Radulfus
1044 2841 1216 2921 vobiscum,
1238 2855 1270 2906 et
1297 2866 1371 2906 cum

417 2941 516 3005 fratre
532 2939 659 3005 Thoma
673 2941 784 3024 egerit,
801 2964 850 3004 me
865 2941 927 3004 alia
942 2941 1012 3005 vice
1027 2940 1119 3005 vobis
1134 2941 1293 3027 scripsisse
1309 2966 1372 3006 me-

417 3042 507 3119 mini,
523 3042 578 3106 sed
594 3042 799 3127 postmodum
815 3041 900 3105 idem
923 3039 1086 3107 Radulfus
1100 3042 1142 3106 ob
1161 3041 1221 3105 hoc
1244 3043 1371 3129 publice

417 3144 707 3209 excommunicatus
737 3156 794 3223 est,
819 3146 994 3231 jussusque
1024 3146 1248 3230 comprehendi
1272 3147 1298 3209 si
1324 3145 1372 3210 in·

317 3259 319 3262 ’
417 3246 515 3310 veniri
532 3260 648 3333 posset.
693 3246 829 3331 Litteras
846 3259 965 3311 vestras
981 3270 1031 3311 me
1046 3260 1213 3334 praesente,
1229 3261 1260 3313 et
1276 3250 1373 3314 inter-

417 3359 563 3432 pretante
585 3345 716 3413 tradidit
738 3347 838 3414 frater
860 3348 1002 3413 Thomas
1024 3349 1131 3414 comiti
1152 3351 1295 3436 Hugoni‚
1318 3353 1375 3417 sed

419 3470 482 3511 non
512 3448 647 3535 profecit
678 3450 862 3535 quicquam,
888 3474 926 3513 eo
953 3452 1041 3536 quod
1068 3474 1102 3517 se
1128 3452 1227 3517 totius
1254 3455 1373 3539 negotii

417 3574 521 3615 comes
535 3552 682 3637 ignarum
699 3575 765 3615 esse
780 3552 916 3617 dicebat.
960 3557 1110 3619 Moratus
1124 3568 1171 3619 est
1191 3556 1256 3620 huc
1271 3565 1374 3642 usque

313 3686 314 3689 ¹
418 3653 581 3718 nobiscum
602 3655 701 3719 frater
723 3654 878 3734 Thomas,
893 3667 924 3720 et
945 3656 1029 3719 circa
1049 3680 1116 3737 nos,
1137 3679 1237 3741 quum
1253 3679 1372 3743 praece·

417 3756 527 3841 peritis
553 3779 751 3822 reversurus.
798 3755 860 3819 Sed
887 3760 963 3842 quia
989 3757 1144 3820 neminem
1167 3770 1374 3841 cognatorum

419 3858 499 3923 vidit
528 3858 646 3933 adbuc,
673 3881 726 3920 eos
757 3855 782 3918 si
814 3856 915 3941 placet
946 3869 1052 3920 vestra
1081 3857 1208 3921 licentia
1233 3857 1375 3925 visitabit

419 3971 588 4044 antequam
621 3958 741 4023 redeat.
786 3958 860 4041 Ego
886 3968 993 4020 autem
1018 3955 1175 4020 famulum
1200 3957 1319 4037 inveni,
1343 3977 1378 4040 et·

419 4058 563 4123 facienda
588 4060 770 4146 praescribo.
816 4059 871 4121 Ad
899 4058 967 4123 haec
997 4080 1120 4145 precor,
1147 4072 1184 4125 ut
1215 4061 1376 4129 Thomam

421 4172 574 4237 nostrum,
598 4162 654 4246 qui
678 4161 733 4225 diu
757 4161 936 4235 vobiscum,
960 4173 991 4225 et
1014 4183 1074 4245 pro
1097 4161 1186 4225 vobis
1208 4160 1376 4244 laboravit,

424 4260 506 4324 sicut
531 4284 591 4345 ago
612 4265 755 4328 conscius
778 4285 860 4341 sum,
884 4262 1139 4328 commendatum
1166 4264 1320 4345 habeatis,
1341 4280 1377 4332 ut

423 4372 487 4423 tam
503 4359 571 4445 ipse
587 4383 683 4444 quam
700 4363 752 4425 alii
769 4364 910 4449 Anglici,
927 4364 1006 4426 dum
1022 4364 1169 4428 honestas
1187 4365 1377 4449 permiserit,

421 4482 530 4545 preces
553 4483 638 4523 meas
661 4462 721 4526 sibi
745 4463 881 4529 sentiant
905 4463 1070 4547 profuisse.
1116 4464 1275 4527 «Iacobum
1299 4486 1379 4549 quo-
