3875 5725
510 815 551 873 50
765 826 903 871 scaurus
918 825 1198 872 saussasatsusrs
1366 813 1418 887 [a.
1436 833 1470 878 n.

512 993 544 1044 et
562 977 700 1042 Domino
714 991 843 1042 auctore
857 997 1033 1063 numquam
1056 975 1262 1041 schismaticis
1276 977 1472 1049 adhaerebit.

513 1079 654 1144 Ecclesia
670 1102 746 1144 vero
762 1078 938 1155 Gallicana,
955 1078 1037 1142 sicut
1051 1078 1142 1142 nobis
1157 1080 1298 1145 veridica
1311 1082 1471 1151 relatione

510 1179 661 1257 innotuit,
673 1181 791 1267 recepit
808 1181 1023 1245 Alexandrum
1036 1193 1069 1244 et
1083 1165 1125 1244 ali
1137 1181 1314 1246 Octaviano
1324 1187 1468 1251 recessit

511 1283 605 1359 Quod
620 1295 727 1346 autem
743 1281 784 1344 ad
800 1281 974 1344 humanum
990 1291 1112 1366 spectat
1133 1302 1276 1359 examen,
1291 1283 1418 1350 meliori
1433 1299 1466 1351 et

509 1384 626 1447 saniori
638 1385 722 1467 parti
734 1381 861 1446 videtur
872 1381 1053 1461 adhaesisse,
1064 1404 1166 1468 quum
1180 1382 1329 1447 omnihus
1339 1399 1466 1452 constet

508 1484 597 1569 quod
628 1506 761 1570 persona
785 1481 961 1547 Alexandri
989 1482 1151 1546 honestior
1174 1497 1233 1558 est,
1259 1486 1464 1569 prudentior,

508 1582 689 1662 litteratior,
701 1585 912 1671 eloquentior:
936 1598 969 1648 et
980 1607 1075 1648 causa
1089 1585 1158 1671 ejus
1172 1586 1214 1649 ah
1227 1587 1376 1652 omnibus
1387 1589 1464 1656 inde

507 1689 707 1753 venientibus
719 1688 867 1753 sincerior
881 1701 912 1751 et
921 1687 1040 1772 justior
1054 1687 1261 1773 praedicetur.
1288 1691 1334 1754 Et
1347 1714 1462 1776 quam·

396 1853 403 1879 Ι
506 1791 554 1854 vis
580 1794 726 1856 neutrius
756 1791 881 1855 illorum
909 1790 1014 1853 adhuc
1041 1790 1191 1853 nuntium
1219 1803 1276 1856 aut
1302 1793 1458 1878 scriptum

506 1894 689 1974 viderimus,
715 1893 830 1957 scimus
860 1906 963 1956 tamen
995 1891 1071 1976 quia
1100 1913 1208 1957 omnes
1237 1905 1406 1969 nostrates,
1433 1896 1461 1960 si

506 2009 609 2058 vester
634 2015 805 2056 consensus
828 1991 967 2068 affuerit,
991 1990 1153 2075 proniores
1175 2006 1250 2057 sunt
1276 1991 1308 2056 in
1330 2007 1458 2078 partem

504 2093 687 2159 Alexandri.
712 2092 902 2158 Audivimus
923 2106 1029 2156 autem
1050 2093 1136 2177 quod
1159 2093 1401 2179 imperatoreos
1422 2095 1457 2159 in

503 2208 625 2279 partem
650 2192 812 2257 Octaviani
836 2193 960 2256 trahere
983 2206 1133 2259 conetur:
1165 2194 1220 2257 sed
1242 2195 1335 2274 absit,
1358 2209 1395 2258 ut
1421 2196 1455 2260 in

503 2309 593 2359 tanto
609 2295 748 2379 periculo
763 2293 902 2357 ecclesiae
921 2316 982 2379 pro
997 2317 1101 2358 amore
1116 2295 1165 2358 vel
1186 2296 1303 2360 honore
1319 2297 1456 2362 hominis

502 2397 624 2462 faciatis
641 2397 699 2459 nisi
712 2395 798 2481 quod
813 2395 1012 2460 credideritis
1028 2398 1166 2461 Domino
1181 2397 1383 2482 placiturum,
1395 2423 1454 2464 nec

501 2497 592 2561 decet
625 2499 819 2582 majestatem
851 2512 999 2578 vestram,
1021 2498 1046 2560 si
1069 2497 1183 2584 placet,
1206 2508 1243 2563 ut
1273 2500 1454 2566 inconsulta

500 2599 630 2663 ecclesia
644 2596 733 2684 regni
750 2598 843 2663 vestri
859 2599 1079 2684 superponatis
1089 2599 1118 2663 ci
1134 2599 1303 2681 hominem,
1314 2602 1370 2687 qui
1385 2603 1452 2666 sine

499 2699 659 2777 electione,
671 2713 703 2764 et
719 2715 755 2764 ut
771 2699 899 2784 publice
915 2699 1044 2780 dicitur,
1055 2700 1121 2763 sine
1135 2701 1240 2785 gratia
1250 2703 1378 2767 Domini
1393 2727 1451 2789 per

498 2803 638 2868 favorem
661 2817 692 2869 et
720 2803 784 2867 vim
806 2802 1007 2888 imperatoris
1030 2815 1153 2867 tautum
1178 2804 1328 2868 honorem
1351 2829 1451 2872 ausus

498 2919 545 2970 est
570 2929 736 2991 occupare.
783 2906 866 2968 Nam
897 2917 965 2968 tota
991 2903 1058 2966 fere
1086 2903 1216 2967 ecclesia
1244 2904 1387 2969 Romana
1415 2908 1449 2973 in

497 3022 588 3092 parte
606 3008 779 3071 Alexandri
797 3021 853 3071 est.
879 3006 1070 3070 Incredibile
1081 3019 1188 3070 autem
1204 3019 1262 3086 est,
1272 3007 1358 3093 quod
1374 3012 1450 3094 pars

496 3109 550 3171 illa
576 3111 675 3193 possit
701 3110 843 3172 obtinere
869 3121 900 3171 et
932 3108 1103 3194 praevalcre
1129 3132 1187 3195 per
1212 3109 1368 3173 hominem
1394 3114 1448 3177 cui

491 3210 620 3295 justitia
639 3209 738 3284 deest,
754 3209 806 3272 cui
829 3209 988 3273 Dominus
1010 3211 1215 3277 adversatur:
1246 3236 1299 3277 eos
1319 3237 1394 3277 vero
1412 3216 1446 3279 in

496 3311 608 3375 humili
631 3334 704 3374 casu
729 3310 941 3396 praevaluisse,
963 3318 1074 3377 crebra
1096 3314 1263 3379 recolimus
1284 3316 1447 3397 relatione,

495 3436 576 3499 quos
600 3413 765 3477 Gallicana
787 3413 904 3497 recepit
921 3428 952 3478 et
975 3415 1056 3479 fovit
1079 3416 1219 3492 ecelesia,
1235 3429 1265 3480 et
1288 3416 1446 3483 infelicem

494 3511 615 3575 exitum
639 3534 748 3575 eorum
773 3535 854 3599 quos
872 3515 1072 3578 Teutonicus
1094 3515 1234 3601 impetus
1255 3514 1447 3584 introduxit.

495 3615 546 3679 Sic
572 3615 779 3680 obtinuerunt
804 3617 1002 3700 temporibus
1025 3618 1141 3681 nostris·
1164 3620 1369 3683 Innocentius
1390 3620 1446 3684 ad-

490 3741 600 3783 versus
613 3722 754 3794 Petrum,
765 3718 913 3782 Calixtus
925 3719 1079 3783 adversus
1091 3719 1283 3797 Burdinum,
1294 3723 1446 3786 Urbanus

489 3821 1443 3907 adversusWibertum‚paschalisadversustres‚Alhertum‚

489 3922 1442 4005 Maginulfum,Theodericum,etmultisimiliterindiehus

488 4034 626 4105 patrum.
672 4026 774 4087 Nobis
794 4045 869 4105 ergo
889 4025 1055 4107 provideat
1077 4023 1221 4108 dignatio
1241 4037 1355 4102 vestra,
1373 4047 1441 4089 ves-

488 4136 637 4207 trumque
665 4124 696 4185 in
724 4139 845 4207 partem
876 4125 961 4187 illam
991 4128 1081 4189 Deus
1109 4127 1238 4191 inclinet
1265 4150 1438 4207 assensum,

488 4246 561 4310 quae
576 4223 712 4308 justitiae
733 4237 765 4286 et
787 4225 911 4288 veritati
927 4226 1085 4303 innititur,
1101 4242 1133 4292 et
1150 4228 1278 4292 Christo
1296 4230 1439 4315 propitio

485 4326 708 4413 triumphabit,
736 4338 767 4389 et
798 4329 824 4390 si
855 4328 945 4391 vohis
973 4328 1086 4411 placet,
1112 4330 1144 4394 in
1176 4344 1265 4396 tanto
1296 4332 1439 4419 periculo

484 4432 579 4496 totius
606 4428 743 4494 ecclesiae
767 4428 908 4505 Domini,
934 4430 1088 4495 utendum
1116 4447 1162 4497 est
1190 4432 1280 4497 vobis
1306 4435 1439 4500 consilio
