3875 5725
686 694 706 729 '⁰
740 699 759 746 ⁸·
853 730 991 776 scaurus
1007 731 1286 777 araasannransrs
1455 715 1500 796 [s.
1519 736 1554 780 n.

599 863 774 975 yinddlunr,
804 905 843 946 ex
881 905 947 967 quo
984 882 1145 946 conveniri
1181 883 1292 967 possit,
1327 882 1553 951 intercessisse.

562 1004 584 1075 :⁸
599 975 676 1076 lllo's
690 1006 804 1063 vero,a
818 982 939 1069 quibus
949 982 1094 1047 monachi
1107 1005 1140 1046 se
1155 983 1322 1069 praefatam
1337 983 1553 1070 quantitatem

541 1066 752 1172 'aste'cepisse
773 1085 933 1164 dicebant,
947 1083 1107 1149 asserebat
1124 1086 1191 1170 jam
1214 1083 1309 1150 dictae
1329 1086 1468 1151 ecclesiae
1487 1110 1552 1152 non

589 1172 696 1252 'fuisse
718 1208 876 1271 personas,
900 1187 956 1250 sed
982 1185 1157 1250 conductos
1183 1185 1372 1264 sacerdotes,
1397 1200 1430 1253 et
1453 1188 1553 1253 eccle-

442 1371 448 1387 ·
598 1292 676 1356 siam
703 1302 735 1355 et
760 1290 881 1375 praedia
906 1288 1062 1354 instructa
1087 1311 1107 1352 a
1131 1290 1293 1354 monachis
1319 1290 1487 1377 accepisse,
1513 1305 1550 1356 ut

415 1428 444 1450 .·
598 1392 742 1479 proefatae
756 1387 916 1478 pensionis
936 1412 1061 1454 summa
1084 1390 1163 1454 solvi
1186 1402 1301 1476 posset.
1345 1392 1550 1458 Producebat

598 1494 693 1557 etiam
720 1505 815 1557 testes
841 1491 900 1556 hoc
929 1491 1035 1577 ipsum
1062 1490 1198 1576 probare
1227 1505 1372 1578 paratos:
1403 1492 1548 1578 ipsorum

598 1616 727 1682 quoque
742 1593 967 1657 monachorum
990 1592 1171 1657 testimonio
1190 1594 1354 1671 utebatur,
1369 1608 1481 1660 contra
1495 1619 1550 1661 eos

597 1692 1548 1782 proferensscriptum,quonobispersuaserunt,praedictum

598 1802 762 1884 Segarium
778 1819 839 1859 non
861 1817 1026 1879 personam
1047 1794 1210 1877 praedictae
1228 1796 1379 1873 ecclesiae,
1394 1796 1450 1860 sed
1465 1797 1551 1862 vica·

597 1895 1271 1982 rium,ipsumqueconductitiumextitisse.
1287 1898 1552 1963 Praetereaecole-

598 2001 675 2064 siam
688 2019 778 2063 suam
790 2008 889 2061 tantae
903 1993 1104 2082 paupertatis
1113 2019 1180 2061 esse
1191 1997 1328 2073 dicebat,
1342 2011 1390 2073 ut,
1402 1998 1550 2066 deductis

597 2099 829 2186 episcopalibus
838 2113 869 2162 et
877 2097 1092 2161 ministrorum
1100 2100 1284 2164 necessariis
1293 2100 1549 2179 alimentis,onus

598 2203 692 2265 unius
714 2224 828 2265 marcae
844 2200 897 2263 vix
913 2210 1021 2286 posset
1043 2201 1210 2266 sustinere.
1257 2202 1324 2266 Sibi
1340 2224 1470 2289 quoque
1484 2226 1547 2267 non

597 2303 712 2367 debere
727 2303 846 2382 obesse,
861 2305 886 2365 si
902 2305 1028 2367 nomine
1049 2302 1187 2366 ecclesiae
1208 2303 1330 2390 aliquid
1353 2306 1548 2392 quandoque

596 2404 716 2469 inritus
726 2404 866 2481 solverit,
877 2426 978 2490 quurn
988 2416 1021 2468 et
1032 2402 1163 2468 ecclesia
1175 2414 1287 2470 utatur
1292 2407 1368 2492 jure
1378 2407 1505 2494 pupilli,
1514 2419 1547 2472 et

595 2508 624 2570 ei
637 2506 789 2571 beneficio
800 2506 929 2569 minoris
941 2505 1046 2570 aetatis
1057 2505 1171 2570 debeat
1183 2507 1354 2572 subveniri.
1391 2508 1544 2574 Monachi

595 2631 671 2672 vero
696 2621 825 2695 pactum
856 2607 1074 2684 intervenisse,
1101 2607 1204 2670 modis
1234 2609 1382 2674 omnibus
1410 2611 1547 2696 probare

594 2711 790 2787 nitebantur,
807 2709 1019 2795 producentes
1035 2709 1119 2772 viros
1135 2709 1253 2794 plures,
1268 2711 1327 2796 qui
1342 2713 1546 2778 assertionem

593 2834 703 2877 eorum
719 2833 777 2877 suo
793 2808 942 2876 volebant
962 2807 1143 2875 testimonio
1164 2810 1324 2889 roborare,
1340 2823 1372 2877 et
1395 2811 1544 2898 quoniam

593 2914 633 2977 de
648 2926 838 3001 paupertate
856 2912 997 2976 ecclesiae
1016 2924 1165 2976 causatus
1187 2909 1303 2990 fuerat,
1318 2914 1348 2976 ei
1364 2920 1406 2977 20
1428 2905 1546 2981 solidos

592 3036 714 3078 annuos
724 3015 788 3077 sine
800 3011 885 3075 omni
897 3033 1002 3087 onere,
1014 3013 1092 3075 dum
1103 3011 1167 3077 illis
1182 3014 1344 3077 ecclesiam
1360 3014 1402 3079 ad
1419 3027 1547 3102 tempus

592 3114 742 3193 traderet,
757 3111 998 3197 promittebant.
1054 3112 1192 3189 Quidam
1215 3137 1292 3178 vero
1306 3116 1448 3180 volentes
1462 3116 1547 3182 inter

593 3238 646 3280 cos
675 3237 872 3301 componere,
905 3221 947 3277 40
977 3213 1096 3280 solidos
1125 3239 1259 3292 annuos,
1291 3218 1431 3284 deducto
1459 3219 1545 3284 omni

591 3340 697 3394 onere,
712 3316 790 3379 dum
811 3314 874 3380 illis
893 3314 1054 3379 ecclesiam
1076 3317 1216 3394 cederet,
1232 3318 1420 3398 offerebant,
1440 3322 1544 3407 parati

590 3439 687 3504 super
709 3416 769 3479 hoc
796 3416 927 3479 idoneos
952 3415 1155 3501 fidejussores
1177 3417 1263 3481 dare.
1324 3420 1419 3498 Quod
1442 3445 1543 3509 quum

593 3517 794 3584 Humfredus
825 3516 964 3602 recipere
993 3518 1167 3599 videretur,
1193 3519 1305 3585 habito
1335 3522 1545 3590 incontinenti

588 3621 733 3689 advocati
764 3620 813 3684 sui
843 3620 1082 3705 amicorumque
1112 3621 1254 3699 consilio,
1285 3623 1409 3706 resiliit,
1434 3626 1544 3693 dicens

589 3749 653 3789 non
679 3748 746 3789 esse
769 3737 877 3789 tutum
902 3746 934 3786 se
958 3722 1003 3785 eis
1026 3722 1134 3809 aliquo
1155 3725 1252 3787 modo
1269 3748 1337 3790 rem
1360 3750 1449 3792 suam
1470 3752 1543 3794 con-

589 3826 697 3900 fidere,
714 3830 769 3910 qui
785 3849 857 3889 eum
873 3824 1002 3888 omnino
1017 3824 1131 3910 ejicere
1156 3825 1385 3893 moliebantur:
1409 3852 1543 3915 praeser-

591 3927 648 3990 tim
676 3950 778 4011 quum
801 3928 842 3989 ab
869 3927 913 3989 eis
943 3938 1033 3990 tanto
1059 3950 1153 4010 opere
1179 3943 1380 4011 gravaretur,
1408 3945 1445 3998 ut
1474 3956 1543 4020 proe

590 4027 702 4093 timore
725 4026 950 4090 monachorum
975 4026 1002 4088 ei
1024 4030 1132 4092 nullus
1151 4030 1324 4095 amicorum
1346 4055 1475 4099 suorum
1492 4036 1544 4100 vel

590 4128 719 4195 testium
742 4126 859 4190 audeat
879 4125 1034 4204 assistere,
1051 4129 1106 4191 sed
1128 4143 1161 4194 et
1181 4144 1304 4216 patrem
1322 4156 1417 4198 suum
1432 4151 1544 4203 contra

589 4232 693 4317 ipsum
712 4228 817 4291 venire
833 4226 1075 4311 compellerent:
1100 4232 1185 4295 unde
1201 4232 1242 4296 ad
1258 4249 1397 4300 vestram
1412 4237 1543 4303 audien-

590 4327 865 4417 tiamappellavit‚
880 4326 964 4391 diem
982 4329 1150 4415 praefigens
1165 4333 1283 4399 festum
1300 4335 1505 4424 Epiphaniae.
