3875 5725
409 843 604 921 rrae—64]
787 857 966 903 amasonia.
1298 848 1358 906 143

404 1010 535 1075 tendum
572 1010 603 1073 in
642 1009 786 1074 absentia
822 1009 942 1073 domini
974 1010 1213 1074 cantuariensis
1250 1024 1282 1075 et
1319 1036 1359 1076 eo

403 1113 561 1177 mediante
587 1112 664 1174 mihi
691 1135 786 1196 posse
812 1112 948 1194 gratiam
981 1111 1155 1175 reformari.
1200 1115 1360 1178 Praeterea

402 1214 520 1278 domini
548 1213 632 1299 regis
655 1213 779 1278 reditus
801 1213 893 1277 nobis
915 1213 947 1276 in
971 1214 1039 1278 dies
1061 1213 1203 1298 singulos
1228 1216 1359 1299 promit·

403 1317 541 1382 tebatur.
586 1315 672 1394 Quid
690 1339 766 1401 ergo
782 1317 938 1379 facerem?
966 1316 1108 1380 Insulam
1124 1317 1232 1401 egredi
1249 1317 1360 1400 imagi·

403 1442 473 1483 nem
491 1420 661 1483 videbatur
676 1418 794 1483 habere
809 1419 956 1502 diffugii:
982 1419 1247 1484 calumniatorum
1264 1419 1359 1482 decli-

403 1543 478 1583 nare
498 1542 714 1604 congressum,
736 1531 817 1582 esset
840 1542 924 1582 ream
948 1520 1170 1584 conscientiam
1194 1519 1357 1604 profiteri:

403 1621 555 1706 principis
585 1643 646 1683 non
678 1632 846 1703 expectare
879 1632 1095 1703 conspectum,
1126 1632 1224 1704 caput
1253 1643 1358 1683 meum

404 1723 488 1785 laesae
512 1719 684 1807 majestatis
707 1720 878 1781 obnoxium
905 1719 1028 1802 legibus
1051 1721 1188 1792 faceret;
1213 1719 1252 1782 ad
1277 1744 1361 1783 sum-

405 1846 500 1899 mam,
517 1821 734 1886 testimonium
758 1820 934 1883 innocentis
959 1820 1167 1894 conscientiae,
1190 1825 1361 1886 auctoritas

407 1922 542 1985 Romani
571 1920 742 2007 pontificis,
770 1920 965 2006 prudentum
993 1920 1132 1999 consilia,
1155 1920 1358 1986 familiarium

406 2047 516 2108 preces
544 2022 670 2087 tandem
701 2034 939 2105 persuaserunt,
965 2033 1001 2084 ut
1032 2044 1163 2084 examen
1193 2045 1308 2098 causae,
1335 2022 1360 2085 si

406 2125 474 2188 fieri
491 2137 608 2209 potest,
624 2122 708 2186 domi
731 2133 909 2206 expectem,
924 2121 979 2186 ubi
1002 2123 1074 2186 finis
1096 2123 1214 2206 poterit
1236 2147 1313 2201 esse,
1328 2141 1360 2189 et

407 2239 538 2312 sumptu
565 2225 698 2297 facilior,
726 2238 758 2288 et
786 2224 877 2310 copia
906 2227 1079 2288 amicorum
1107 2224 1251 2288 fertilior.
1298 2225 1359 2288 Sed

407 2329 485 2402 haec,
503 2341 538 2393 ut
555 2327 704 2404 scribitis,
718 2327 913 2389 renuntiasse
929 2325 1117 2390 debueram:
1139 2326 1197 2390 has
1211 2327 1360 2412 equidem

407 2444 513 2516 partes
542 2428 689 2493 fidelibus
720 2429 834 2491 vestris
871 2427 980 2491 amicis
1010 2431 1098 2507 meis,
1128 2428 1361 2494 venerabilibus

408 2533 495 2608 viris,
526 2531 645 2595 «Ioanni
677 2530 875 2594 thesaurario
905 2530 1111 2606 Eboracensi‚
1141 2543 1172 2593 et
1203 2530 1374 2614 Magistrov

408 2633 572 2697 Willelmo
587 2633 803 2696 commiseram
823 2633 1049 2716 procurandas.
1095 2633 1264 2718 Proprium
1280 2655 1362 2696 nun·

408 2737 488 2799 tium
512 2734 629 2797 idcirco
652 2732 810 2797 destinare
832 2732 952 2811 distuli,
967 2734 1045 2818 quia
1068 2733 1223 2818 naufragii
1246 2733 1374 2815 brevic,-

408 2849 445 2903 ut
462 2836 644 2913 videbatur,
662 2834 733 2899 licet
749 2835 867 2919 magni,
880 2835 984 2900 adhuc
999 2835 1118 2900 dubius
1133 2848 1201 2901 erat
1216 2849 1363 2916 eventus,

408 2954 440 3005 et
457 2941 533 3027 quia
548 2938 673 3001 mallem
689 2939 766 3003 laeta
780 2959 873 3022 quam
893 2937 996 3001 tristia
1017 2939 1173 3002 nuntiare.
1218 2940 1315 3003 Unde
1329 2954 1361 3006 et

408 3065 568 3107 cursorem
586 3053 728 3105 restrum
746 3062 871 3103 mecum
886 3041 1004 3104 retinui
1027 3063 1084 3127 per
1104 3040 1172 3105 dies
1190 3042 1314 3129 aliquot
1329 3043 1362 3106 in

411 3146 584 3209 adventurn
600 3142 735 3207 illustris
747 3141 864 3226 reginae
878 3142 1067 3227 Anglorum‚
1079 3156 1111 3206 et
1123 3143 1287 3207 clarissimi
1303 3144 1363 3207 viri

411 3246 599 3313 Cancellarii
615 3245 786 3330 regis,qui,
803 3267 860 3330 per
876 3244 1120 3309 misericordiam
1137 3246 1278 3322 Domini,
1291 3268 1363 3333 pro-

408 3348 518 3422 cellam
536 3348 612 3411 mibi
636 3345 831 3411 detumuisse
853 3346 1016 3413 dixerunt.
1059 3349 1177 3411 Potens
1191 3364 1239 3411 est
1254 3359 1361 3412 autem

410 3451 569 3521 Dominus
592 3450 717 3525 vestris,
745 3464 777 3513 et
802 3448 942 3514 ecclesiae
964 3473 1042 3526 suae,
1069 3472 1128 3535 pro
1153 3472 1219 3536 qua
1247 3451 1376 3536 patior,-

409 3553 568 3639 precibus,
591 3573 671 3628 eam,
691 3562 948 3637 quantacumque
968 3551 1021 3628 sit,
1037 3551 1069 3614 in
1091 3574 1201 3615 auram
1222 3575 1364 3616 commu·

410 3668 488 3732 tare,
519 3669 551 3719 et
582 3654 791 3717 innocentiam
823 3676 923 3717 meam
953 3654 1129 3737 perducere
1159 3653 1200 3716 ad
1230 3668 1360 3739 portum

409 3755 526 3842 quietis
540 3770 672 3841 optatae.
717 3759 799 3820 Haec
815 3755 976 3819 hactenus.

453 3862 505 3923 Ex
518 3883 584 3945 quo
599 3858 724 3939 fidelem
737 3857 885 3919 nuntium
901 3856 1095 3933 inveneritis,
1109 3855 1197 3930 mihi,
1209 3857 1234 3918 si
1247 3858 1362 3943 placet,

409 3960 557 4044 epistolas
577 3960 664 4024 beati
683 3956 836 4021 Bernardi
859 3955 1075 4019 transmittite.
1122 3958 1238 4020 Precor
1254 3958 1362 4037 etiam,

411 4076 445 4125 ut
461 4061 555 4125 flores
565 4061 691 4150 aliquos
708 4061 875 4123 verborum
891 4060 971 4143 ejus,
983 4071 1014 4121 et
1031 4071 1220 4135 vestrorum,
1233 4073 1265 4125 et
1281 4063 1363 4127 Can.

412 4162 489 4226 toris
505 4165 682 4240 'l‘recensis
699 4177 732 4228 et
751 4166 774 4226 si
793 4162 848 4247 qui
865 4178 940 4224 sunt
958 4159 1085 4235 similes,
1100 4159 1206 4246 colligi
1221 4162 1362 4230 faciatis:

410 4265 456 4326 ita
478 4277 581 4327 tamen
597 4279 634 4329 ut
656 4269 770 4329 florum
787 4262 898 4328 laetitia
921 4283 987 4325 nen
1007 4262 1144 4347 perimat
1163 4282 1220 4327 aut
1242 4266 1363 4331 minuat

410 4367 536 4427 fructus
550 4363 728 4428 utilitatem.
757 4366 829 4447 Ego
841 4362 1064 4449 proculdubio,
1074 4377 1203 4427 auctore
1213 4364 1362 4439 Domino,

373 4546 375 4554 y
412 4488 467 4528 vos
493 4464 524 4527 in
552 4486 631 4543 mea,
656 4477 711 4527 aut
738 4463 858 4547 proprii
891 4463 994 4527 nuntii
1020 4484 1165 4547 persona,
1191 4475 1374 4548 antequamn
