3875 5725
487 849 551 906 268
740 861 876 904 scaurus
895 859 1179 904 sanusuunrsusrs
1358 843 1402 922 [s.
1415 863 1448 906 n.

488 1010 724 1096 proscriptionis
739 1032 822 1072 meae
833 1009 1089 1073 erubescentiam
1101 1008 1237 1072 sustinui
1252 1009 1293 1072 de
1310 1011 1450 1095 repulsa.

490 1111 542 1176 Ex
567 1111 615 1175 his
644 1128 678 1178 et
706 1111 962 1196 praecedentibus
993 1120 1082 1195 patet
1103 1109 1155 1174 via
1180 1109 1306 1192 rationi,
1328 1112 1383 1176 sed
1414 1112 1448 1176 in

487 1212 610 1279 litteras
625 1236 665 1276 ex
680 1213 846 1276 affectione
862 1224 947 1276 totus
963 1211 1150 1286 defluerem,
1167 1211 1226 1276 nisi
1244 1212 1451 1278 modestiaet

487 1315 707 1400 multiplicitas
721 1313 977 1399 occupationum,
993 1313 1110 1399 quibus
1131 1313 1163 1375 id
1187 1313 1346 1377 tantillum
1368 1315 1429 1379 sub

487 1415 581 1501 ripui,
599 1415 838 1500 compellerent,
856 1425 891 1477 ut
906 1413 1012 1476 dicam
1027 1436 1068 1477 ex
1082 1413 1202 1492 animo,
1219 1413 1351 1478 Valete!

529 1636 751 1738 EPISTOLA
775 1675 1016 1738 CLXIX-an
1031 1692 1232 1736 unorsrnonr
1247 1691 1404 1736 Jonnnuu

750 1793 984 1837 snunncnuonr.
1012 1774 1098 1853 [nn.
1119 1774 1225 1854 tlon]

713 1911 876 1991 Magistro
890 1909 1019 1972 Joonni
1035 1910 1226 1972 Sarraceno.

536 2018 697 2082 ersnar
722 2015 900 2079 dilectionis
924 2028 1050 2096 vestrae,
1072 2037 1167 2101 super
1188 2015 1315 2102 quibus,
1338 2016 1445 2102 quoad

490 2121 608 2198 vixero,
625 2117 737 2205 gratiae
752 2118 841 2182 vobis
863 2118 1022 2183 habendae
1044 2135 1119 2182 sunt
1134 2129 1167 2182 et
1181 2118 1325 2202 agendae,
1343 2119 1447 2204 philo-

489 2223 624 2308 sophum
640 2235 674 2286 et
690 2221 906 2286 Christianum
923 2221 1042 2306 pariter
1058 2220 1212 2298 redolent,
1228 2233 1261 2286 et
1276 2221 1445 2306 multiplici

488 2335 521 2386 et
548 2323 670 2408 patenti
693 2334 909 2408 protestantur
934 2323 1070 2402 indici03
1097 2325 1184 2411 quod
1205 2325 1246 2388 de
1268 2325 1445 2390 abundanti

488 2427 641 2492 virtutum
659 2437 692 2488 et
706 2425 884 2488 litterarum
896 2427 1114 2512 promptuario
1124 2441 1353 2513 processerunt.
1379 2429 1446 2493 Sed

487 2551 548 2596 nec
570 2543 676 2592 orator
698 2527 760 2592 illis
782 2527 937 2594 cudendis
958 2530 1072 2608 defuit,
1099 2542 1155 2595 aut
1179 2530 1364 2608 condendis,
1386 2532 1443 2617 qui

487 2632 574 2720 quod
591 2632 670 2697 ratio
685 2631 914 2718 philosophica,
930 2645 964 2696 et
987 2633 1178 2698 Christianae
1198 2633 1357 2718 religionis
1372 2656 1445 2719 pro·

486 2735 580 2801 fessio
595 2735 795 2820 suggerebat,
811 2734 1026 2800 efficacissime
1042 2736 1205 2821 persuasit.
1231 2736 1342 2820 Viguit
1356 2735 1444 2799 enim

487 2862 545 2927 per
573 2839 708 2923 gratiam
744 2838 842 2905 dictio
876 2839 1020 2924 apposita
1055 2839 1094 2903 ad
1134 2839 1379 2925 persuasionem,
1410 2858 1445 2903 et

486 2956 618 3009 eatenus
634 2942 718 3028 cepit
738 2953 770 3005 et
792 2940 926 3026 proiecit
946 2942 978 3004 in
996 2964 1059 3021 me,
1077 2955 1112 3006 ut
1126 2943 1167 3006 de
1186 2955 1303 3005 caetero
1323 2942 1443 3027 pigeat,

434 3077 436 3080 ’
488 3046 515 3111 si
545 3047 625 3111 forte
650 3069 689 3109 ex
715 3046 901 3108 infirmitate
928 3044 1097 3128 contigerit
1122 3045 1329 3108 acerbitatem
1354 3043 1446 3107 exilii

489 3150 664 3224 nominare,
682 3160 715 3212 et
736 3148 866 3211 omnino
889 3148 1009 3231 pudeat
1031 3148 1220 3214 nominasse.
1266 3147 1350 3211 Nam
1370 3147 1447 3211 licet

489 3250 575 3313 exilii
602 3260 743 3335 quartus,
770 3260 803 3310 et
830 3246 1066 3332 proscriptionis
1090 3271 1173 3311 meae
1199 3249 1310 3313 tertius
1332 3262 1446 3332 agatur

488 3372 600 3425 annus,
618 3351 687 3433 jam
711 3349 838 3412 turbine
862 3348 999 3411 sortunae
1022 3350 1127 3413 minus
1152 3350 1253 3414 indies
1280 3351 1445 3415 concutior

487 3460 544 3513 aut
559 3472 688 3513 moveor
702 3449 837 3528 damnis,
850 3450 992 3533 proiecto
1007 3451 1108 3514 sciens
1124 3474 1299 3536 numquam
1315 3452 1346 3513 in
1364 3453 1444 3514 meis

488 3551 584 3615 luisse
600 3552 691 3615 bonis
707 3572 780 3636 quae
795 3562 861 3614 tam
877 3551 969 3613 facile
994 3551 1141 3615 inimicus
1161 3554 1307 3615 extorsit:
1331 3566 1364 3615 et
1379 3552 1443 3614 sor-

487 3665 571 3720 tasse
588 3654 703 3718 rcctius
719 3653 857 3717 amicum
879 3653 1024 3730 dixerim,
1041 3654 1096 3740 qui
1118 3653 1225 3718 oculos
1240 3675 1328 3717 meos
1343 3654 1442 3739 phan-

487 3756 606 3822 tasticis
631 3755 767 3820 sortunae
789 3754 935 3822 ludibriis
958 3757 1149 3841 praestrictos
1171 3756 1304 3842 aperuit,
1328 3770 1361 3819 et
1387 3778 1442 3820 ex·

488 3861 586 3923 cussis
608 3857 779 3923 curialibus
802 3858 905 3942 nugis,
927 3870 960 3923 et
981 3858 1140 3923 illecebris
1155 3859 1364 3942 voluptatum,
1387 3880 1440 3921 me

488 3960 520 4024 in
536 3963 621 4025 viam
636 3961 760 4025 virtutis
778 3961 917 4047 impulit,
939 3972 972 4024 et
994 3961 1282 4045 philosophantium
1305 3960 1440 4023 coetibus

486 4063 679 4145 aggregavit.
706 4064 817 4146 Longe
828 4063 1157 4148 ergoliberior‚quam
1168 4085 1267 4148 quum
1277 4063 1442 4125 mundana

487 4162 684 4246 supellectile
707 4174 741 4226 et
762 4164 926 4227 sarcinulis
948 4164 1149 4227 fortuitorum
1172 4187 1345 4249 premerer,
1367 4164 1442 4230 laeta

488 4263 618 4352 quidem
635 4265 826 4345 conditione,
842 4288 882 4328 ne
904 4265 1008 4329 dicam
1025 4279 1223 4351 paupertate,
1239 4268 1324 4354 quod
1340 4266 1443 4352 philo-

488 4367 597 4453 sophia
612 4366 720 4445 dictat,
737 4367 890 4452 experior,
908 4367 984 4453 quia

697 4475 782 4527 Omne
793 4474 876 4528 solum
888 4474 946 4528 forti
958 4478 1043 4548 patria
1057 4483 1106 4540 est,
