3875 5725
581 844 623 903 68
842 858 978 903 Jornnrs
993 859 1272 940 sonusaunmssrs
1441 848 1486 926 [s.
1503 866 1534 910 n.

481 1035 491 1048 =
582 1009 721 1072 mundus
756 1019 915 1092 agnoscet,
951 1008 1178 1073 consecrationi
1215 1009 1300 1074 illius
1336 1012 1534 1080 defuerunt?

583 1110 672 1184 Quid
692 1112 805 1175 ascitos
826 1109 955 1174 Tusciae
975 1111 1172 1196 episcoposa
1193 1115 1429 1179 consecratione
1449 1116 1532 1181 inhi-

582 1212 662 1289 buit,
678 1213 739 1277 nisi
759 1212 913 1296 sacrilegii
932 1212 1150 1277 conscientia?
1189 1213 1292 1278 Miror
1313 1217 1399 1301 quod
1420 1240 1532 1283 omnes

581 1338 754 1402 pauperem
781 1326 958 1401 sequuntur
982 1313 1213 1396 Alexandrum,
1242 1317 1430 1405 maluntque
1456 1343 1530 1385 cum

581 1441 620 1483 eo
649 1419 777 1483 exulare
806 1441 826 1482 a
855 1418 935 1482 facie
972 1417 1164 1502 principum,
1194 1440 1291 1503 quam
1328 1420 1530 1488 adhaerentes

581 1522 697 1585 oemulo
709 1522 777 1607 ejus
792 1543 865 1585 cum
881 1519 1078 1606 principibus
1093 1519 1238 1602 gentium
1250 1521 1417 1606 imperare.
1464 1525 1530 1589 Hic

580 1623 731 1709 episcopi,
748 1623 799 1686 hic
814 1621 999 1707 presbyteri,
1014 1621 1066 1684 bic
1085 1621 1221 1703 diaconi,
1236 1623 1288 1686 hic
1304 1623 1391 1688 curia
1405 1637 1482 1708 tota,
1497 1640 1530 1691 et

579 1726 689 1790 ordine
701 1726 741 1789 de
754 1739 842 1790 tanto
853 1723 996 1810 quisquis
1011 1746 1075 1787 non
1087 1725 1205 1805 exulat,
1217 1725 1269 1789 hic
1280 1742 1343 1792 est:
1365 1750 1419 1791 eos
1437 1731 1530 1814 Papi-

578 1830 661 1893 ensis
677 1827 801 1892 concilii
817 1826 977 1890 sententia
991 1849 1054 1890 non
1070 1839 1180 1908 terret,
1189 1826 1245 1891 sed
1260 1829 1291 1892 in
1309 1829 1412 1915 ipsum
1427 1831 1528 1916 impe·

577 1942 724 2010 retorem,
736 1941 769 1994 et
784 1929 904 1992 idolum
918 1949 1011 1992 suum
1025 1950 1097 1990 cum
1111 1929 1259 1993 omnibus
1270 1930 1443 1996 cultoribus
1454 1934 1529 2013 suis,

577 2044 740 2118 sperantes
749 2033 781 2094 in
792 2030 984 2106 Domin0,in
994 2030 1266 2113 potentiavirtutis
1275 2034 1526 2118 ejus,confortati

576 2133 609 2196 in
629 2133 748 2217 Spiritu
765 2144 873 2196 sancto
888 2131 1078 2195 sententiam
1099 2132 1310 2198 anathematis
1324 2135 1527 2200 intorserunt.

621 2235 766 2297 Transeo
794 2232 835 2296 ad
864 2255 960 2296 novas
986 2244 1019 2295 et
1042 2234 1200 2298 inauditas
1224 2235 1391 2301 decretalis
1416 2240 1526 2324 synodi

576 2335 832 2419 subscriptiones,
848 2335 881 2396 in
897 2335 1015 2420 quibus
1030 2357 1069 2398 ex
1089 2336 1308 2422 episcoporum
1324 2338 1452 2403 delectu
1467 2364 1525 2426 pro

576 2438 623 2502 cis
646 2438 779 2501 comites
807 2437 1030 2513 admittuntur,
1056 2438 1089 2500 in
1113 2439 1229 2524 quibus
1254 2440 1301 2503 illi
1330 2442 1523 2528 praecipuam

575 2539 636 2603 sibi
665 2538 836 2603 vendicant
872 2538 1093 2602 auctoritatem
1124 2540 1352 2626 episcopalium
1389 2544 1523 2621 sedium,

574 2663 709 2728 quarum
733 2653 787 2704 aut
812 2639 899 2703 nulla
921 2652 1045 2704 estant
1067 2640 1181 2704 electio
1204 2643 1381 2726 reprobata.
1426 2647 1524 2730 Regi-

526 2747 535 2765 ·
573 2741 687 2806 ualdus
701 2741 786 2804 eninr
807 2739 1014 2803 cancellarius
1035 2739 1235 2825 imperatoris
1250 2765 1283 2806 se
1299 2743 1522 2810 Colonieusem

572 2844 669 2929 gessit
692 2842 976 2929 archiepiscopum,
1001 2865 1101 2928 quum
1125 2855 1247 2908 certum
1271 2845 1312 2909 sit
1334 2846 1523 2914 electionem

570 2948 639 3033 ejus
654 2969 673 3011 a
688 2952 835 3013 Romano
855 2945 1017 3030 pontifice,
1040 2945 1135 3009 beato
1152 2945 1304 3024 Adriano,
1321 2947 1415 3011 fuisse
1435 2950 1524 3013 dam-

569 3062 688 3120 natam.
706 3071 765 3112 nec
781 3049 874 3113 video
897 3069 1006 3132 quare,
1022 3067 1122 3133 quum
1146 3047 1363 3133 episcopatum
1386 3050 1520 3129 ambiat,

570 3148 590 3215 a'
614 3151 743 3214 Victore
767 3172 824 3213 suo
848 3148 1007 3213 distulerit
1033 3149 1220 3229 consecrari,
1240 3149 1300 3213 uisi
1323 3150 1398 3236 quia
1418 3153 1523 3217 immi·

568 3264 698 3317 nentem
715 3253 838 3316 ruinam
855 3252 956 3316 timet.
1004 3252 1113 3316 Guido
1127 3274 1234 3316 comes
1249 3253 1290 3316 de
1308 3254 1520 3334 Plauderada‚

569 3354 765 3420 Ravennatis
787 3352 1013 3438 archiepiscopi
1034 3353 1193 3440 supplevit
1208 3355 1321 3430 vicem,
1338 3379 1437 3440 quum
1460 3380 1520 3421 nec

568 3456 652 3520 filius
675 3478 760 3531 suus,
787 3456 877 3540 cujus
906 3456 1020 3520 electio
1050 3468 1197 3542 quassata
1226 3470 1284 3539 est,
1312 3458 1388 3522 licet
1419 3459 1519 3525 bouus

562 3557 691 3643 juvenis
720 3558 769 3633 sit,
800 3558 905 3622 adhuc
936 3559 1003 3621 vice
1035 3559 1263 3645 archiepiscopi
1293 3559 1383 3644 iungi
1413 3562 1519 3646 possit.

569 3660 631 3726 Cui
652 3682 713 3724 non
737 3659 807 3723 haec
829 3659 962 3724 ridicula
988 3660 1181 3725 videantur?
1222 3663 1337 3726 Scenae
1358 3662 1519 3727 theatralis

565 3763 635 3827 haec
655 3762 776 3846 species
791 3773 849 3842 est,
873 3762 1093 3847 potiusquam
1121 3763 1287 3826 reverendi
1313 3763 1419 3846 imago
1443 3786 1518 3827 con-

564 3864 637 3930 cilii.
670 3864 768 3941 Quid,
785 3864 871 3950 quod
888 3886 1058 3947 regnorum
1075 3877 1108 3926 et
1122 3864 1356 3949 provinciarum
1373 3885 1517 3946 magnus,

564 3964 659 4027 falsus
680 3976 799 4043 tamen,
814 3965 966 4029 collectus
986 3976 1035 4028 est
1055 3987 1218 4042 numerus,
1234 3978 1270 4028 ut
1290 3963 1517 4047 subscriptores

564 4064 614 4127 isti
630 4065 754 4147 ignaros
769 4088 874 4130 rerum
893 4089 1002 4131 secum
1018 4066 1142 4131 facilius
1162 4067 1194 4129 in
1216 4063 1429 4151 praecipitium
1451 4076 1515 4128 tra·

565 4164 663 4230 hant?
688 4166 769 4239 Quis
784 4167 824 4229 ad
839 4167 924 4231 illius
939 4167 1064 4231 concilii
1080 4181 1198 4232 statuta
1213 4179 1389 4242 moveatur,
1406 4166 1460 4230 ubi

666 4329 773 4339 --
785 4300 876 4352 sedere
889 4307 977 4371 patres
989 4320 1094 4355 censere
1106 4306 1198 4374 parati,

669 4386 697 4437 si
709 4401 827 4451 reguum,
839 4387 861 4437 si
874 4387 971 4457 templa
983 4395 1066 4458 petat,
1075 4389 1245 4459 jugulumque
1258 4394 1374 4451 senatus,

667 4473 845 4541 Passurasque
857 4471 962 4525 infanda
975 4492 1063 4526 nurus.
