3875 5725
561 874 620 934 161
825 888 962 932 roanurs
978 887 1253 934 aasnsnnmnusrs
1420 864 1465 952 [i.
1483 887 1515 934 n.

562 1040 707 1114 mabunt,
724 1061 803 1125 quos
825 1061 930 1102 rerum
955 1039 1094 1125 qualitas
1116 1053 1147 1104 et
1168 1062 1272 1103 causae
1287 1039 1428 1105 calculus
1444 1042 1515 1103 visi-

561 1142 618 1205 bili
642 1141 744 1226 specie
766 1141 891 1226 plenius
913 1141 1101 1206 edocebunt.
1149 1141 1219 1226 Ego
1242 1165 1373 1228 quoque
1395 1144 1428 1206 in
1452 1167 1516 1228 qno

561 1265 689 1328 possum
716 1244 774 1306 tibi
797 1265 859 1306 non
884 1243 991 1320 deero,
1015 1243 1137 1306 litteras
1159 1267 1240 1329 quas
1261 1267 1300 1306 ex
1327 1257 1418 1329 parte
1444 1268 1515 1307 mea

561 1344 690 1409 domino
714 1367 804 1430 papae
829 1344 945 1420 trades,
968 1345 1103 1430 accipies
1126 1369 1145 1408 a
1172 1346 1269 1409 latore
1295 1347 1513 1430 praesentium,

560 1444 619 1509 tibi
634 1457 665 1508 et
681 1445 836 1509 fratribus
851 1444 971 1507 domini
994 1446 1200 1528 praecentoris
1219 1446 1337 1509 bonum
1354 1461 1513 1532 optantes,

562 1558 594 1610 et
610 1545 730 1609 utinam
749 1545 945 1610 obtinentes!
971 1546 1004 1608 Si
1019 1551 1166 1610 affectum
1181 1547 1312 1611 effectus
1328 1570 1390 1610 non
1407 1547 1512 1635 sequi·

496 1679 499 1684 ¹
562 1661 626 1721 tur,
643 1648 783 1711 animum
800 1647 913 1710 veteris
929 1647 1020 1711 amici
1038 1671 1099 1710 non
1116 1672 1241 1733 argues,
1258 1649 1312 1712 sed
1328 1650 1503 1713 fortunam.

577 1889 798 1953 EPISTOLA
823 1887 925 1950 CXV.
933 1907 1016 1950 -an
1032 1907 1171 1952 PETRUM
1186 1908 1345 1952 taanenu
1361 1906 1506 1952 cattan-

876 2006 951 2049 sntu.
971 1987 1016 2066 [A.
1035 2008 1063 2050 o.
1086 1990 1195 2068 tlte]

904 2138 1043 2203 cellensi
1059 2141 1179 2202 Abbati.

607 2259 824 2321 Occastoutuu
836 2256 992 2319 scribendi
1004 2256 1093 2319 vobis
1101 2269 1264 2339 gratanter
1273 2258 1403 2342 arripui,
1411 2282 1511 2345 quum

561 2358 649 2444 apud
670 2380 727 2420 nos
743 2357 881 2420 viderem
903 2357 1074 2433 hominem,
1091 2379 1185 2441 quem
1209 2357 1249 2419 ad
1266 2381 1321 2420 vos
1343 2360 1510 2423 credebam

561 2482 773 2525 reversurum.
819 2459 944 2523 Nuntio
968 2458 1066 2540 igitur
1093 2459 1292 2523 salutationis
1315 2473 1432 2524 vestrae
1459 2463 1512 2524 be-

562 2564 658 2646 nigne
674 2573 832 2646 suscepto,
843 2583 916 2623 cum
933 2583 970 2622 eo
985 2560 1025 2623 de
1039 2559 1205 2623 referenda
1217 2562 1308 2625 vobis
1324 2561 1513 2627 salutatione

562 2663 719 2740 contraxi,
746 2663 806 2726 sub
836 2676 966 2748 accepta
991 2663 1147 2741 cautione,
1174 2663 1250 2749 quia
1276 2686 1409 2750 persona
1435 2665 1512 2728 mihi

561 2779 630 2831 erat
644 2765 814 2850 incognita.
860 2766 940 2842 Quae
955 2765 1065 2850 itaque
1080 2764 1162 2828 circa
1184 2788 1235 2829 me
1257 2778 1343 2842 sunt,
1359 2790 1399 2830 ex
1422 2780 1512 2851 parte

563 2869 719 2944 describo,
742 2882 773 2933 et
798 2891 922 2954 possem
946 2869 1069 2932 utinam
1093 2869 1227 2932 scribere
1249 2868 1388 2933 laetiora!
1425 2870 1513 2934 Post-

563 2997 660 3060 quam
682 2973 722 3037 ab
742 2969 872 3036 ecclesia
894 2974 1039 3035 Romana
1059 2994 1204 3037 reversus
1226 2995 1308 3049 sum,
1323 2985 1370 3035 tot
1395 2974 1513 3036 acerbi

564 3076 640 3140 tatis
655 3098 720 3139 suae
746 3074 905 3137 molestias
929 3074 961 3135 in
986 3097 1036 3135 me
1051 3074 1181 3137 fortuna
1204 3074 1372 3157 congessit,
1388 3088 1424 3138 ut
1448 3074 1513 3137 fere

563 3177 642 3241 nihil
659 3176 842 3239 adversitati
857 3174 1034 3237 existimem
1050 3197 1101 3237 me
1116 3189 1209 3237 antea
1223 3176 1410 3258 praetulisse.
1450 3178 1514 3239 Mis

563 3277 677 3341 ramini
699 3276 842 3349 forsitan,
863 3287 895 3338 et
918 3275 1156 3359 obstupescitis,
1177 3276 1257 3359 quid
1280 3299 1330 3339 me
1352 3288 1513 3364 tantopere

563 3379 704 3466 potuerit
720 3377 918 3462 perturbare.
963 3381 1043 3439 Haec
1058 3377 1091 3438 in
1107 3399 1183 3440 aure
1199 3389 1302 3441 vestra
1319 3382 1427 3462 paucis
1442 3401 1514 3461 ape-

561 3482 651 3547 riam.
697 3476 892 3544 serenissimi
908 3477 1041 3553 domini,
1057 3478 1266 3560 potentissimi
1282 3477 1400 3540 domini
1417 3480 1510 3562 regis,

562 3580 760 3649 invictissimi
775 3579 929 3665 principis
948 3580 1049 3643 nostri
1072 3591 1140 3641 tota
1153 3579 1185 3641 in
1202 3601 1252 3641 me
1275 3578 1440 3644 incanduit
1463 3582 1512 3643 in-

562 3685 716 3771 dignatio.
763 3684 796 3746 Si
823 3703 948 3744 causam
976 3680 1131 3767 quaeritis,
1158 3684 1188 3746 ei
1214 3682 1297 3745 forte
1324 3681 1396 3766 plus
1422 3683 1513 3767 justo

562 3788 637 3864 favi,
658 3784 848 3874 promotioni
873 3807 939 3847 suae
964 3783 1171 3869 ultraquam
1197 3781 1374 3868 oportuerit
1397 3784 1512 3861 institi,

564 3894 604 3957 ad
622 3893 681 3955 hoc
698 3904 765 3954 toto
785 3888 940 3952 desiderio
963 3888 1067 3951 cordis
1090 3888 1262 3973 suspirans,
1279 3900 1315 3949 ut
1339 3909 1433 3971 quern
1450 3888 1515 3951 for·

562 4006 650 4056 tunae
674 3990 794 4053 invidia
817 3989 982 4051 credebam
1007 3992 1218 4063 exultantem,
1242 3986 1441 4050 miseratione
1466 3988 1516 4051 di·

562 4092 635 4155 vina
660 4105 845 4174 regnantem
872 4113 1030 4154 cernerem
1057 4093 1088 4154 in
1113 4103 1241 4173 patrum
1267 4089 1355 4163 solio,
1380 4102 1410 4152 et
1437 4090 1514 4174 jura

560 4194 731 4258 dictantem
748 4190 779 4253 in
798 4192 924 4277 populis
939 4202 971 4254 et
987 4191 1177 4254 nationibus.
1224 4190 1274 4253 Sic
1298 4192 1381 4253 forte
1407 4191 1513 4255 decre-

561 4296 608 4361 vit
640 4293 797 4369 Dominus
832 4292 943 4377 punire
983 4292 1214 4377 impatientiam
1254 4292 1402 4357 desiderii
1443 4294 1514 4357 mei.

562 4396 723 4483 Quicquid
750 4396 831 4459 enim
859 4394 1063 4479 impatienter
1086 4396 1261 4482 appetitur,
1287 4396 1337 4459 vel
1361 4393 1510 4481 fuga‘vel

562 4524 686 4585 accessu
704 4498 821 4563 doloris
833 4498 986 4583 importat
998 4498 1132 4563 aculeos.
1173 4498 1283 4583 Hujus
1294 4513 1399 4564 tamen
1411 4497 1515 4583 culpae
