3875 5725
498 839 561 896 270
769 852 903 894 rennuis
920 850 1199 895 siuasnamausts
1364 835 1409 913 [A.
1427 855 1459 898 n.

498 1003 709 1087 decoremque
725 1001 889 1065 sermonis.
936 1000 1022 1083 Ergo
1039 998 1149 1074 Ousia,
1165 1000 1252 1084 quod
1262 1022 1396 1086 semper
1417 1003 1461 1066 sit

498 1105 668 1184 Dominus,
685 1106 853 1190 significat.
893 1104 946 1168 Sic
962 1103 1097 1189 quidem·
1111 1103 1300 1169 Ambrosius
1322 1105 1457 1189 colligit,

496 1207 551 1272 sed
572 1207 652 1272 ratio
673 1200 854 1271 inferentiae
878 1205 969 1270 vobis
995 1205 1120 1290 plenius
1141 1204 1243 1290 liquet
1263 1218 1295 1270 et
1319 1209 1455 1284 GraeciS,

495 1308 573 1372 milri
583 1331 657 1373 vero
673 1320 706 1373 et
719 1310 784 1372 mei
796 1307 952 1372 similibus
969 1307 1193 1371 nubeculosior
1208 1319 1265 1373 est.
1309 1309 1455 1376 Hilarius

495 1425 604 1482 autem
619 1414 651 1477 in
670 1414 725 1479 lib.
741 1414 782 1477 de
799 1412 933 1498 Synodis
954 1412 1101 1475 similiter
1115 1412 1155 1474 de
1174 1413 1311 1477 essentia
1324 1415 1456 1480 ratioci-

497 1527 602 1590 natur,
617 1526 654 1579 ut
670 1514 860 1578 Ambrosius
874 1515 914 1578 dc
932 1514 1049 1579 Ousia:
1066 1513 1197 1578 fortasse
1214 1515 1288 1599 quia
1301 1515 1386 1579 idem
1403 1529 1455 1582 est

496 1617 633 1682 essentia
648 1618 732 1703 quod
754 1617 865 1682 Ousia.
912 1616 956 1679 Et
977 1616 1109 1702 quidem
1125 1617 1222 1679 verba
1246 1616 1360 1680 Hilarii
1380 1618 1453 1683 haec

496 1730 579 1782 sunt.
637 1718 785 1782 Essentia
814 1727 862 1780 est
889 1739 939 1780 res
965 1738 1039 1801 quae
1062 1715 1113 1779 vel
1142 1728 1200 1793 est,
1230 1716 1281 1779 vel
1312 1739 1352 1780 ex
1381 1720 1454 1803 qui·

495 1818 556 1883 bus
578 1831 635 1896 est,
659 1819 714 1905 qui
737 1819 769 1882 in
794 1841 832 1882 eo
859 1819 944 1904 quod
968 1827 1098 1882 maneat
1123 1819 1275 1884 subsistit.
1324 1819 1453 1886 Dicitur

495 1934 603 1986 autem
634 1922 781 1998 essentia,
808 1934 841 1984 et
867 1932 991 1999 natura,
1015 1931 1048 1982 et
1077 1942 1187 2002 genus,
1214 1933 1247 1984 et
1273 1923 1451 1987 substantia

495 2025 743 2110 uniuscujusque
773 2023 819 2086 rei
850 2022 965 2106 poterit
975 2047 984 2098 3
1020 2022 1146 2106 proprie
1176 2036 1283 2086 autem
1314 2028 1452 2091 essentia

494 2125 612 2191 idcirco
626 2128 713 2190 dicta
726 2137 785 2203 est,
797 2126 873 2211 quia
887 2148 1014 2211 semper
1028 2139 1086 2189 est.
1118 2126 1201 2199 Quae
1218 2127 1335 2191 idcirco
1351 2130 1450 2194 etiam

494 2228 671 2293 substantia
686 2239 743 2307 est,
759 2228 834 2313 quia
856 2250 906 2290 res
922 2250 996 2313 quae
1012 2238 1060 2290 est
1080 2249 1209 2291 necesse
1231 2241 1280 2292 est
1300 2231 1451 2296 subsistat

494 2328 528 2393 in
559 2352 637 2394 sese.
687 2328 850 2413 Quicquid
881 2342 990 2392 autem
1020 2329 1162 2392 subsistit
1191 2330 1258 2394 siue
1287 2331 1385 2395 dubio
1415 2333 1449 2396 in

493 2452 610 2514 genere
625 2429 676 2494 vel
691 2430 724 2493 in
740 2443 855 2493 natura
867 2430 917 2492 vel
932 2430 964 2493 in
981 2431 1158 2494 substantia
1172 2443 1291 2500 manet.
1337 2435 1448 2508 Quum

493 2553 569 2615 ergo
607 2531 776 2596 essentiam
813 2531 949 2596 dicimus
986 2532 1164 2616 significare
1201 2547 1360 2613 naturam,
1396 2537 1448 2600 vel

492 2656 594 2717 genus
609 2633 659 2698 vel
682 2632 903 2708 substantiam,
927 2633 1137 2716 intelligimus
1159 2635 1228 2720 ejus
1250 2637 1296 2700 rei
1318 2660 1392 2722 quae
1414 2639 1448 2702 in

492 2737 542 2800 his
556 2736 704 2801 omnibus
719 2758 845 2821 semper
860 2757 927 2799 esse
943 2736 1104 2801 subsistat.
1136 2737 1262 2801 Horum
1278 2740 1446 2804 verborum

494 2838 610 2904 Hilarii
640 2839 845 2903 subtilissima
872 2837 1048 2924 speculatio
1077 2849 1135 2915 est,
1162 2839 1298 2904 difficilis
1328 2840 1448 2906 intelli·

490 2942 610 3026 gentia,
639 2942 694 3005 sed
726 2941 862 3006 arbitror
888 2941 974 3026 quod
1001 2941 1034 3003 in
1060 2942 1176 3004 Graeca
1201 2941 1311 3025 lingua
1336 2943 1447 3028 peritis

491 3043 633 3128 planiora
648 3056 729 3108 sunt.
779 3043 863 3105 Nam
879 3042 919 3104 de
936 3042 1030 3105 beato
1054 3042 1180 3105 Hilario
1195 3044 1273 3107 dicit
1288 3045 1446 3109 sanctissi-

490 3167 561 3209 mus
583 3156 682 3230 patet,
705 3155 738 3207 et
757 3143 1003 3207 litteratissimus
1028 3142 1138 3206 doctor
1160 3146 1246 3229 quod
1274 3146 1444 3211 Gallicano

491 3247 645 3310 cothurno
666 3245 830 3319 attollitur,
854 3257 887 3307 et
906 3245 1035 3307 [loribus
1059 3245 1183 3308 Gtaeeis
1203 3248 1386 3326 adornatur,
1409 3263 1445 3313 et

447 3422 450 3428 ff
489 3346 599 3432 procul
634 3359 683 3410 est
712 3370 731 3409 a
760 3347 896 3409 lectione
931 3346 1124 3431 simplicium
1154 3348 1297 3416 fratrum.
1355 3350 1444 3414 Alibi

423 3510 425 3513 .
489 3459 596 3511 autem
613 3448 766 3534 praecipit,
791 3460 827 3510 ut
852 3448 995 3512 Hilarius
1017 3460 1050 3512 et
1075 3449 1270 3517 Athanasius
1290 3452 1443 3515 inoffenso

489 3560 655 3613 currantur
681 3550 772 3633 pede.
828 3550 925 3623 Quod
948 3551 974 3613 si
994 3552 1079 3636 apud
1106 3554 1237 3617 Graecos
1261 3574 1441 3636 expressam

488 3651 608 3716 habent
620 3651 831 3715 differentiam
844 3651 923 3730 haec,
935 3676 1008 3739 quae
1021 3654 1073 3718 hic
1082 3656 1175 3720 toties
1186 3654 1343 3718 inculcata
1355 3666 1441 3735 sunt,

488 3755 634 3833 essentia,
665 3766 790 3833 natura,
822 3778 933 3840 genuS,
960 3759 1146 3834 substantia,
1178 3779 1248 3821 eam
1286 3756 1439 3841 expediri,

488 3859 632 3923 omnium
665 3859 801 3923 arbitror
835 3859 988 3925 interesse
1024 3859 1314 3947 quamplurimum:
1353 3860 1440 3923 unde

488 3962 576 4026 vobis
598 3961 639 4025 ad
662 3962 812 4025 meritum
836 3974 869 4024 et
890 3962 1022 4045 gloriam
1047 3962 1260 4047 profecturum
1282 3982 1349 4023 esse
1374 3983 1439 4025 non

487 4066 610 4145 dubito,
627 4078 660 4130 et
674 4066 874 4151 proluturum
891 4066 931 4129 ad
944 4066 1052 4142 vitam,
1063 4064 1088 4127 si
1102 4063 1143 4125 ad
1158 4062 1274 4126 ostium
1294 4064 1439 4149 Scriptu-

486 4189 593 4231 rarum
615 4168 754 4253 pulsanti
777 4166 974 4251 aperueritis,
994 4176 1027 4228 et
1048 4184 1146 4247 panes
1161 4164 1250 4229 vobis
1271 4187 1290 4229 a
1310 4166 1439 4233 Christo

486 4268 621 4332 creditos
650 4267 683 4331 in
715 4265 927 4331 multitudinis
957 4286 1049 4327 usum
1077 4264 1246 4349 fregeritis,
1271 4280 1308 4333 ut
1334 4281 1438 4334 vestra

485 4368 696 4434 sollicitudine
719 4366 901 4430 reficiantur
924 4366 1039 4447 turbae‚
1062 4387 1198 4453 quarum
1222 4371 1304 4435 adeo
1329 4371 1363 4436 in
1385 4371 1437 4435 via

389 4487 391 4489 ·
484 4467 745 4554 peregrinationis
760 4467 853 4551 hujus
868 4468 971 4533 bonus
991 4467 1160 4535 miseretur
1181 4471 1284 4550 Jesus,
1300 4485 1336 4537 ut
1354 4474 1437 4557 seip-
