3875 5725
570 857 631 917 las
820 881 955 927 ioannis
971 884 1251 934 saassnaainnsrs
1423 874 1467 956 [n.
1486 895 1517 939 u.

567 1025 598 1088 in
616 1028 764 1110 Domino,
786 1030 1018 1100 fraternitatem
1042 1052 1177 1102 vestram
1199 1039 1239 1102 ad
1263 1042 1393 1126 propria
1413 1030 1516 1106 rediie

566 1131 759 1209 monuimus,
781 1139 910 1200 omuino
934 1161 995 1203 nou
1027 1139 1190 1203 credentes
1213 1141 1370 1206 honestati
1392 1159 1516 1224 vestrae,

564 1241 621 1293 aut
637 1232 775 1297 ecclesiae
788 1237 919 1303 utilitati
936 1241 1037 1323 magis
1048 1240 1170 1326 aliquid
1185 1243 1345 1327 expedire.
1369 1247 1417 1310 Ut
1433 1247 1515 1310 enim

562 1345 677 1397 caetera
705 1349 874 1419 taceamus,
904 1364 978 1425 quae
1007 1342 1137 1426 longum
1160 1356 1206 1407 est
1230 1368 1349 1418 enarre,
1372 1349 1516 1432 profecto

564 1455 688 1499 morum
701 1439 792 1503 ruina
805 1441 896 1527 longe
906 1444 1113 1508 miserabilior
1122 1460 1181 1522 est,
1192 1469 1287 1530 quam
1302 1471 1512 1515 nummorum.

563 1537 632 1601 Nec
663 1553 710 1605 est
734 1541 774 1604 de
797 1544 1019 1629 temporalium
1050 1547 1215 1610 amissione
1244 1549 1426 1627 dolendum,
1456 1553 1512 1616 ubi

563 1639 764 1727 dispendium
782 1645 956 1712 incurritur
971 1661 1172 1713 aeternorum.
1218 1653 1364 1714 Duorum
1377 1676 1514 1741 namque

562 1741 709 1807 dolorum
717 1745 801 1811 circa
809 1748 944 1811 eundem
956 1749 1097 1812 animum
1107 1750 1356 1836 majordenigrat
1367 1755 1513 1820 alterum.

561 1844 654 1911 Absit
678 1863 786 1912 autem
818 1863 854 1913 ut
877 1850 993 1934 aliquis
1015 1850 1055 1914 de
1079 1863 1182 1914 vestra
1205 1852 1375 1939 prudentia
1397 1856 1512 1921 audeat

561 1948 722 2033 suspicari,
735 1952 822 2036 quod
840 1952 989 2016 vilissima
1004 1976 1121 2024 rerum,
1136 1977 1213 2040 opes
1229 1955 1356 2036 scilicet,
1370 1959 1510 2022 animum

562 2060 700 2112 vestrum
723 2067 869 2116 moveant
889 2053 942 2116 ubi
960 2054 1137 2138 periculum
1160 2053 1302 2119 imminet
1325 2059 1512 2122 animarum.

558 2149 653 2213 Absit
677 2163 713 2214 ut
743 2149 861 2214 invidia
890 2150 1023 2236 antiquo
1045 2175 1103 2215 suo
1126 2152 1215 2215 vobis
1237 2154 1335 2238 possit
1359 2156 1511 2222 insultare

559 2250 729 2333 proverbio
745 2250 863 2329 diceba,
1367 2263 1372 2272 ’

849 2371 918 2440 quod
930 2371 1021 2434 defles,
1030 2371 1096 2424 illud
1108 2376 1211 2426 amasti.

560 2475 670 2538 Unum
684 2459 841 2540 e'duobus
857 2474 976 2561 eligite,
993 2489 1049 2540 aut
1065 2475 1131 2541 litis
1145 2477 1312 2542 discrimen
1330 2478 1438 2556 vultis,
1452 2495 1509 2545 aut

557 2600 677 2664 pacem.
723 2580 757 2643 Si
789 2578 853 2644 litis
876 2579 1031 2643 incertum
1060 2579 1228 2666 praeiertis‚
1258 2581 1413 2646 advertite
1435 2585 1511 2669 quia

558 2681 639 2745 nibil
656 2681 779 2767 turpius
795 2696 841 2746 est
863 2704 956 2768 quam
975 2682 1041 2748 suis
1056 2683 1150 2746 armis
1165 2685 1355 2769 expugnari,
1372 2697 1402 2749 et
1419 2689 1509 2771 quasi

557 2804 707 2846 mucrone
722 2783 852 2870 proprio
869 2782 1024 2870 jugulari.
1070 2784 1102 2849 Si
1126 2807 1248 2870 pacem,
1265 2785 1377 2859 redite,
1397 2801 1428 2851 et
1445 2786 1508 2873 pas

555 2898 621 2952 est:
646 2886 700 2951 sed
723 2887 850 2966 timetis,
880 2900 912 2950 et
934 2886 1063 2972 quidem
1088 2888 1143 2952 ubi
1167 2911 1227 2952 non
1252 2902 1299 2953 est
1321 2891 1508 2956 timendum.

555 2989 741 3075 Numquam
761 2988 844 3051 enirn
865 2988 952 3052 venit
975 2987 1006 3050 in
1028 3002 1164 3054 mentem
1182 2991 1369 3055 serenissimi
1388 2992 1507 3055 domini

556 3091 655 3155 nostri
667 3084 761 3175 'regis
778 3104 814 3154 ut
834 3090 1044 3153 innocentiam
1068 3094 1154 3167 vitae,
1173 3091 1386 3176 integritatem
1402 3094 1507 3175 famae,

553 3191 687 3276 gloriam
703 3192 803 3275 regni,
820 3204 909 3254 tanto
924 3191 1106 3275 deturparet
1122 3195 1306 3278 opprobrio,
1323 3208 1359 3259 ut
1378 3219 1506 3260 manum

553 3316 641 3357 suam
665 3305 696 3355 et
720 3314 921 3377 quacumque
943 3313 1039 3354 causa
1068 3294 1253 3358 extenderet
1278 3296 1309 3358 in
1341 3298 1505 3361 Christum

552 3395 695 3470 Domini,
717 3392 766 3455 vel
788 3390 927 3478 aliquam
949 3394 1173 3456 contumeliam
1189 3417 1209 3457 a
1224 3418 1429 3481 quocumque
1451 3420 1507 3483 pa-

553 3510 675 3560 teretur
697 3495 817 3559 inferri.
864 3499 901 3559 ln
917 3517 954 3556 eo
966 3493 1122 3579 siquidem
1136 3495 1309 3579 plurimum
1326 3512 1433 3561 motus
1445 3514 1503 3573 est,

552 3599 639 3687 quod
655 3597 846 3661 conductum
863 3608 970 3681 petere
986 3597 1194 3660 necessarium
1213 3597 1387 3678 credidisti,
1401 3622 1503 3685 quum

551 3701 706 3766 neminem
722 3721 830 3761 eorum
850 3720 991 3783 unquam
1007 3696 1133 3772 laeserit,
1145 3712 1415 3785 quantacumque
1432 3723 1506 3786 pro-

550 3803 699 3868 cesserint
722 3800 905 3875 inimicitiae‚
929 3801 987 3887 qui
1002 3800 1042 3864 ad
1064 3824 1096 3864 se
1117 3801 1273 3865 veniebat.
1319 3801 1404 3878 Quid
1428 3826 1505 3888 ergo

551 3907 725 3984 timebatis,
740 3926 839 3989 quum
857 3926 914 3966 vos
934 3926 1006 3979 sua,
1021 3917 1052 3966 et
1068 3903 1208 3967 omnium
1225 3915 1368 3966 nostrum
1385 3927 1459 3966 voce
1475 3917 1506 3967 et

549 4006 665 4069 litteris
675 4009 855 4070 revocaret?
873 4005 936 4069 Sed
954 4028 1011 4067 vos
1024 4004 1210 4068 mandatum
1223 4004 1341 4068 domini
1358 4026 1461 4089 papae‚
1472 4019 1504 4069 et

550 4104 804 4170 Cluniacensium
830 4120 1007 4169 vestrorum
1035 4105 1202 4169 necessitas
1226 4104 1360 4169 detinet·
1403 4108 1505 4169 Porro

548 4221 580 4272 et
595 4206 663 4290 ipse
686 4203 833 4267 dominus
849 4227 930 4290 papa
952 4205 1069 4269 reditui
1092 4219 1196 4269 vestro
1216 4206 1504 4290 congratulabitur,

546 4313 655 4375 nolens
675 4306 858 4370 mandatum
882 4307 963 4370 illud
991 4307 1121 4372 utilitati
1141 4323 1256 4372 vestrae
1278 4309 1499 4394 praejudicium

546 4415 659 4488 lacere,
677 4424 706 4474 et
725 4431 889 4494 personam
906 4422 1043 4472 vestram
1059 4410 1278 4475 Wintoniensi
1293 4425 1325 4475 et
1342 4410 1504 4475 Glastoni·

546 4515 611 4579 ensi
624 4511 769 4587 ecclesiis
787 4510 858 4596 plus
867 4530 963 4596 quam
972 4511 1172 4575 Cluniacensi
1184 4535 1244 4577 non
1254 4512 1414 4597 ambigitis
1425 4510 1504 4575 obli·
