3875 5725
491 872 662 950 llos-afa]
868 888 1045 934 nnrsrocn.
1393 876 1436 935 2³

488 1039 666 1124 postposito
692 1038 742 1101 vel
771 1052 965 1124 contempto,
992 1041 1025 1102 in
1056 1062 1088 1102 se
1113 1037 1241 1100 videtur
1269 1060 1442 1122 provocare

488 1136 737 1221 indignationem
757 1140 956 1225 superiorum
981 1140 1046 1202 fere
1069 1139 1210 1202 omnium
1234 1151 1441 1225 potestatum.

490 1241 642 1303 Summus
677 1240 836 1326 pontifex,
873 1241 1088 1304 serenissimus
1124 1239 1281 1326 princeps,
1310 1239 1443 1307 illustris

489 1339 610 1424 regina,
625 1363 644 1403 a
659 1340 858 1406 fraternitate
869 1355 973 1405 vestra
988 1341 1149 1404 modicum
1165 1341 1245 1425 quid
1261 1354 1442 1425 expectant,

489 1441 520 1504 in
537 1466 604 1528 quo
620 1444 777 1507 honestati
792 1456 823 1507 et
838 1443 1041 1507 indemnitati
1057 1456 1183 1521 vestrae,
1196 1465 1292 1528 quam
1310 1440 1443 1507 utilitati

489 1565 611 1624 eorum,
625 1546 724 1629 magis
739 1559 939 1632 prospectum
956 1546 1027 1611 erit.
1059 1547 1153 1609 Certe
1168 1545 1194 1607 si
1209 1566 1274 1607 rem
1290 1545 1443 1627 grandem

492 1669 601 1709 eorum
633 1647 769 1732 quilibet
799 1663 921 1733 peteret
947 1647 1121 1729 sigillatim,
1140 1648 1213 1732 jure
1240 1646 1362 1731 optimo
1391 1645 1445 1709 dc-

490 1747 604 1811 buerat
616 1748 772 1813 exaudiri.
798 1753 848 1812 De
859 1750 949 1812 nobis
964 1761 997 1812 et
1011 1749 1163 1813 fratribus
1175 1751 1291 1812 nostris
1303 1762 1443 1812 taceatur

493 1844 534 1907 ad
555 1867 705 1929 praesens,
722 1867 812 1930 quoa,
829 1845 854 1908 si
870 1845 1049 1929 placuisset,
1062 1867 1125 1907 non
1143 1845 1310 1930 oportebat
1325 1844 1357 1908 in
1372 1868 1447 1908 con-

491 1946 560 2009 silio
576 1957 681 2009 vestro
696 1945 799 2013 locum
817 1957 923 2013 tencre
937 1947 1155 2011 novissimum.
1207 1947 1336 2021 Vereor,
1351 1946 1446 2009 dilec-

494 2047 612 2112 tissime
639 2046 749 2127 frater,
774 2070 884 2110 vereor
906 2069 945 2110 ne
968 2046 1136 2111 consiliarii
1159 2046 1256 2111 vestri
1281 2045 1447 2115 consilium

493 2150 644 2237 insipiens
659 2162 690 2214 et
706 2148 819 2213 inutile
831 2148 990 2226 dederint,
1002 2149 1080 2212 dum
1097 2151 1188 2214 nobis
1200 2149 1347 2214 omnibus
1358 2148 1446 2233 apud

495 2274 553 2317 ros
573 2251 718 2336 praeferri
741 2249 933 2315 studuerint.
978 2251 1097 2314 Omnes
1116 2252 1285 2315 consulunt
1307 2252 1340 2314 in
1363 2273 1448 2314 corn-

495 2377 603 2433 mune,
620 2368 656 2419 ut
667 2355 765 2441 juxta
780 2353 960 2439 principum
977 2353 1172 2423 voluntatem
1192 2354 1344 2439 magistro
1361 2353 1448 2416 Salo·

496 2457 581 2521 moni
597 2457 711 2520 cedant
727 2456 877 2533 ecclesiae,
888 2477 964 2541 quae
976 2459 1008 2520 in
1025 2458 1266 2521 transactionem
1280 2455 1449 2520 Godefridi

495 2574 527 2623 et
544 2557 702 2622 Willelmi
725 2558 847 2624 venisse
869 2558 1032 2622 dicuntur.
1076 2562 1191 2622 Nonne
1211 2559 1317 2622 fuerat
1339 2580 1447 2621 eorum

496 2674 561 2725 tam
579 2659 750 2724 laudabilis
761 2682 825 2724 non
837 2659 932 2723 modo
948 2659 1152 2745 acceptanda,
1163 2658 1217 2723 sed
1227 2657 1449 2744 praevenienda

497 2761 669 2824 voluntas?
719 2763 901 2825 Honestum
931 2774 963 2825 et
994 2760 1170 2825 litteratum
1202 2761 1305 2825 virum
1337 2759 1450 2824 vestris

498 2860 612 2925 volunt
648 2862 810 2945 obsequiis
846 2862 1037 2947 mancipare,
1067 2876 1099 2925 et
1136 2864 1213 2926 dum
1251 2860 1450 2926 liberalitatis

497 2977 610 3029 vestrae
626 2985 745 3027 munus
765 2962 951 3048 implebitis,
965 2963 998 3026 id
1015 2985 1108 3046 agere
1123 2985 1163 3027 ne
1179 2964 1257 3027 fiant
1271 2962 1361 3026 irrita
1377 2988 1450 3049 quae

498 3068 538 3130 de
562 3065 657 3131 labiis
678 3065 817 3151 episcopi
842 3079 1072 3152 processerunt.
1130 3066 1253 3129 Fuerat
1275 3088 1349 3129 sane
1378 3088 1452 3130 con·

499 3168 705 3254 templatione
727 3166 905 3233 litterarum
928 3180 960 3231 et
986 3189 1121 3243 morum,
1148 3182 1180 3233 et
1197 3170 1270 3254 jure
1293 3167 1452 3233 societatis

500 3269 642 3355 antiquae
666 3269 900 3348 adsciscendas,
928 3269 962 3332 id
988 3269 1082 3334 etiam
1110 3272 1234 3334 nemine
1259 3269 1451 3356 postulante.

502 3376 618 3436 Nonne
663 3371 815 3455 indignus
860 3382 918 3447 est,
961 3370 994 3433 in
1037 3370 1333 3456 opportunitatibus
1375 3373 1452 3451 suis,

500 3472 636 3538 fratrum
663 3471 803 3547 consilio,
819 3472 884 3558 ·qui
910 3470 992 3534 illud
1015 3484 1081 3535 tam
1103 3471 1215 3536 leviter
1238 3478 1451 3557 aspernatur?

502 3580 618 3640 Nonne
632 3598 742 3662 preces
761 3574 847 3638 illius
867 3586 1029 3637 merentur
1043 3572 1182 3649 excludi,
1204 3574 1260 3657 qui
1281 3590 1344 3638 tam
1366 3576 1451 3659 piam

501 3678 698 3741 voluntatem
729 3675 910 3762 principum
941 3696 1003 3736 non
1033 3673 1197 3738 admittit?
1232 3688 1269 3738 ut
1306 3675 1346 3737 de
1382 3675 1452 3739 aliis

503 3792 646 3842 taceatur
661 3778 718 3862 qni
735 3790 841 3841 tamen
857 3777 944 3862 apud
961 3798 1017 3839 vos
1033 3775 1206 3861 plurimum
1229 3798 1319 3861 posse
1335 3776 1452 3841 debent

501 3902 540 3942 ex
557 3881 681 3953 merito,
699 3876 846 3940 voluntas
861 3875 981 3940 domini
997 3896 1090 3960 papoe
1105 3873 1240 3959 pleniori
1256 3873 1453 3958 benignitate

503 3979 742 4067 interpretanda
753 3991 831 4044 erat.
861 3976 969 4062 Vulgo
980 3977 1044 4040 dici
1060 3976 1138 4040 solet
1154 3990 1185 4040 et
1200 3989 1364 4062 acceptum
1379 3976 1456 4041 lide-

504 4081 588 4159 liter,
611 4104 719 4146 verum
742 4094 799 4158 est,
821 4079 897 4166 quia
920 4078 1034 4144 summi
1057 4078 1216 4164 pontificis
1232 4076 1378 4143 voluntas
1399 4080 1454 4145 de-

505 4196 626 4246 cretum
643 4197 709 4248 est:
735 4197 767 4248 et
783 4206 821 4246 ne
836 4184 870 4246 in
887 4184 961 4269 jure
982 4180 1203 4246 constituendo
1223 4204 1456 4270 causarumque

508 4283 746 4350 discissionibus
774 4285 933 4349 duntaxat
962 4284 1104 4350 obtinere
1132 4284 1293 4362 credatur,
1320 4284 1455 4348 faciendi

507 4382 734 4460 necessitatem,
758 4408 858 4469 quum
878 4384 1063 4461 innotuerit,
1090 4385 1266 4449 amantium
1292 4384 1454 4449 devotioni

508 4483 587 4548 solet
617 4484 764 4550 indicere.
822 4489 884 4551 Sed
915 4490 995 4553 forte
1025 4486 1136 4552 dicetis
1173 4487 1233 4550 hoc
1263 4486 1456 4551 demeruisse
