3875 5725
422 843 617 922 llos-61]
796 861 974 907 umeronn.
1322 850 1363 906 75

416 1011 582 1094 dispendia
605 1010 718 1075 salutis
748 1009 893 1074 laborans
915 1011 1061 1095 impietas
1089 1010 1155 1074 odii
1182 1010 1367 1076 seminatrix

417 1108 587 1174 fraternam
624 1107 755 1174 molitur
792 1109 980 1194 extinguere
1015 1111 1190 1175 caritatem.
1256 1115 1365 1186 Quum

415 1211 476 1274 alia
491 1211 623 1275 crimina
645 1216 735 1276 Deus
757 1209 871 1289 oderit,
892 1211 951 1275 hoc
972 1213 1126 1299 estquod
1148 1215 1190 1276 ob
1211 1214 1366 1299 insignem

417 1311 464 1375 sui
488 1312 641 1377 malitiam
665 1313 843 1377 detestatur
865 1313 969 1378 anima
999 1314 1079 1398 ejus.
1123 1318 1269 1378 Vestram
1293 1336 1368 1377 vero

416 1412 624 1489 sanctitatem,
634 1414 716 1477 sicut
728 1413 907 1501 accepimus
916 1426 947 1477 et
957 1413 1113 1491 dolemus,
1122 1413 1225 1499 iniqui
1234 1414 1367 1478 circum-

417 1513 523 1577 venire
538 1517 642 1578 conati
658 1528 744 1593 sunt,
761 1517 883 1580 litteras
899 1515 989 1578 vobis
1004 1527 1112 1579 nostro
1131 1528 1301 1599 conceptas
1316 1538 1371 1579 uo·

418 1615 502 1676 mine
513 1615 848 1700 porrigentes,quibus
858 1615 1109 1698 significabatur,
1119 1638 1169 1679 me
1179 1616 1370 1682 inextremae

417 1713 613 1779 difficultatis
638 1715 773 1779 articulo
796 1716 938 1798 positum
959 1716 1117 1799 paenitere
1133 1739 1228 1801 super
1244 1738 1369 1802 promo·

418 1815 503 1876 tione
527 1813 717 1877 venerabilis
734 1813 847 1877 'fratris
876 1815 976 1877 nostri
1007 1815 1137 1897 Rogerii
1161 1817 1371 1879 Eboracensis

418 1915 655 2000 archiepiscopi,
671 1927 702 1978 et
718 1915 876 2002 majestati
893 1929 1007 1980 vestrae
1023 1939 1130 2001 preces
1144 1917 1317 2001 porrigere,
1332 1929 1370 1980 ut

420 2019 496 2101 quia
522 2016 599 2080 mihi
627 2015 713 2100 quod
736 2017 769 2080 in
797 2016 855 2081 hac
881 2030 972 2101 parte
997 2016 1119 2102 deliqui
1144 2030 1297 2103 negatum
1323 2031 1371 2082 est

419 2116 596 2197 emendare,
624 2139 678 2181 vos
704 2117 784 2182 illud
810 2139 867 2201 per
893 2117 1041 2183 collatam
1071 2117 1161 2181 vobis
1190 2140 1209 2181 a
1233 2118 1371 2183 Domino

374 2228 377 2237 “
418 2230 619 2302 potestatem,
649 2230 782 2305 accepto
808 2232 950 2303 tempore
968 2220 1112 2304 justitias
1129 2218 1309 2304 judicandi,
1338 2234 1369 2285 et

420 2319 587 2382 exercendi
612 2321 779 2398 vindictas,
801 2323 835 2385 in
856 2320 1039 2384 nationibus
1060 2320 1243 2386 emendetis.
1287 2323 1372 2386 Ecce

422 2419 560 2484 Domino
577 2419 755 2509 inspectore
770 2435 802 2486 et
813 2422 925 2508 judice
939 2421 1053 2507 loquar
1067 2423 1099 2485 in
1116 2421 1247 2486 auribus
1261 2423 1374 2488 vestris

349 2515 351 2518 ¹
420 2522 507 2608 quod
519 2545 628 2587 verum
644 2537 701 2589 est.
726 2524 866 2588 Litteras
880 2523 957 2587 istas
967 2546 1025 2587 nec
1037 2524 1159 2609 scripsi,
1169 2546 1226 2587 nec
1237 2524 1373 2591 scribere

422 2621 522 2697 volui,
545 2647 603 2688 nec
625 2624 666 2688 ab
689 2626 798 2711 aliquo
821 2647 962 2689 meorum
986 2623 1119 2709 scriptas
1141 2626 1225 2690 novi.
1270 2627 1372 2691 Falsae

422 2735 506 2798 sunt,
518 2736 550 2787 et
561 2725 605 2788 eis
617 2725 657 2788 ad
669 2726 864 2789 delusionem
875 2739 1024 2801 vestram,
1034 2737 1066 2789 et
1076 2725 1125 2789 sui
1137 2726 1372 2792 damnationem

421 2823 506 2889 solus
521 2824 668 2888 falsarius
680 2823 813 2888 scienter
823 2846 900 2888 usus
909 2835 968 2899 est,
982 2824 1129 2907 quisquis
1145 2824 1185 2888 sit
1199 2825 1264 2901 ille,
1279 2825 1373 2910 plane

423 2948 517 2989 suum
541 2924 683 3009 portabit
700 2924 868 3010 judicium,
892 2935 982 2987 etex
1005 2924 1194 2988 auctoritate
1214 2947 1374 2991 sacrorum

422 3048 578 3089 canonum
601 3024 633 3087 iu
657 3024 809 3109 laqueum
830 3022 1041 3087 anathematis
1070 3021 1198 3098 incidet,
1225 3024 1374 3108 quoniam

422 3125 480 3209 qui
489 3124 565 3188 talia
574 3137 686 3207 agunt,
695 3121 1375 3212 tanquamdiscordiarum,scissurarumque

424 3236 543 3289 satores
558 3238 590 3290 et
606 3226 782 3290 incentores
792 3226 968 3293 detestatur
984 3228 1091 3289 anima
1105 3226 1246 3291 Domini.
1292 3231 1376 3313 Sup-

420 3326 576 3412 plicamus
596 3331 706 3413 itaque
728 3326 888 3392 serenitati
912 3339 1037 3404 vestra,
1059 3340 1097 3391 ut
1127 3340 1225 3393 tantae
1247 3329 1375 3396 malitiae

422 3441 577 3509 auctores,
600 3429 625 3493 si
645 3429 763 3516 placet,
783 3429 1008 3514 comprehendi
1023 3429 1166 3513 jubeatis
1179 3430 1221 3495 ad
1239 3446 1375 3515 poenam,

422 3542 454 3593 et
469 3552 521 3594 eos
542 3543 607 3594 tam
629 3530 743 3594 acerba
764 3527 1036 3593 administratione
1056 3528 1162 3615 puniri
1184 3530 1320 3608 faciatis,
1340 3544 1377 3596 ut

422 3630 479 3715 qui
495 3630 668 3696 vindictam
684 3631 843 3695 audierint
858 3630 1043 3707 doceantur,
1058 3639 1091 3693 et
1107 3629 1241 3694 doceant
1257 3655 1329 3695 vero
1344 3644 1377 3696 et

420 3729 507 3812 justo
523 3732 658 3818 principi
674 3732 825 3807 fallacias,
842 3743 874 3795 et
889 3731 1045 3796 malitiam
1060 3752 1123 3793 non
1140 3730 1273 3814 placere.

512 3987 736 4052 EPISTOLA
759 3988 956 4049 LXII.-nn
973 4002 1090 4046 nnonu
1106 4001 1301 4048 nnnnrouu.

760 4121 842 4202 Reos
857 4117 1046 4200 Auglorum.

472 4233 602 4299 Vutrus
614 4234 796 4320 principum
807 4232 897 4298 nullo
907 4230 1024 4296 clarius
1033 4230 1136 4293 elucet
1145 4227 1272 4313 indicio,
1281 4257 1378 4319 quam

430 4337 455 4399 si
471 4336 634 4418 majestate
649 4337 718 4419 ejus
733 4358 841 4421 pacem
861 4334 1014 4422 populus,
1034 4333 1164 4397 ecclesia
1177 4334 1329 4418 quietem,
1346 4348 1378 4400 et

429 4434 540 4519 religio
551 4445 678 4517 gratum
692 4433 832 4499 Domino
843 4433 974 4520 recipiat
986 4433 1223 4496 incrementum.
1250 4436 1377 4517 Regum
