3875 5725
428 857 532 950 uua]
697 946 702 954 ,
808 874 987 934 nrrsrors.
1309 867 1371 934 aet

424 1058 484 1118 ego
499 1061 557 1121 pro
574 1039 638 1102 fide
654 1049 686 1100 et
701 1040 869 1102 affectione
886 1062 981 1123 quam
997 1041 1101 1103 babeo
1123 1041 1166 1104 ad
1180 1063 1247 1118 ros,
1262 1054 1295 1103 et
1315 1063 1372 1124 pro

421 1140 596 1203 reverentia
605 1139 774 1202 venerandi
786 1152 819 1202 et
829 1141 875 1223 pii
887 1142 1096 1224 patrisnostri
1106 1143 1191 1204 beati
1198 1143 1372 1220 Samsonis,

421 1239 483 1303 hoc
506 1241 598 1304 vobis
620 1263 714 1324 quem
738 1241 832 1304 video
854 1243 886 1304 in
911 1245 1022 1305 multis
1043 1243 1278 1319 labefactatum,
1300 1264 1373 1326 pro*

421 1359 519 1419 pou0,
535 1352 570 1402 nt
585 1341 788 1402 memineritis
804 1341 902 1402 vestri
911 1354 942 1402 et
953 1341 1065 1418 nostri,
1081 1343 1135 1424 qui
1147 1343 1238 1404 vobis
1248 1363 1373 1425 semper

420 1439 533 1503 fideles
557 1442 741 1504 extitimus:
775 1463 827 1518 ue,
849 1441 936 1524 quod
961 1442 1054 1518 absit,
1077 1443 1284 1523 probabiliter
1307 1444 1373 1507 dici

420 1543 534 1622 possit,
543 1563 602 1604 nos
618 1543 695 1604 vitio
709 1540 947 1621 ingratitudinis
958 1543 1110 1604 laborare.
1142 1544 1249 1613 Quum
1265 1556 1372 1607 autem

421 1642 589 1714 redieritis,
604 1663 670 1703 non
693 1641 875 1723 displicebit
896 1642 1002 1714 nobis,
1018 1641 1046 1703 si
1069 1643 1205 1704 feceritis
1227 1643 1267 1705 de
1290 1645 1371 1705 miu-

420 1743 529 1803 isterio
550 1753 654 1804 vestro
678 1742 767 1825 quod
790 1755 924 1804 vestram
948 1741 1073 1818 deceat,
1092 1754 1124 1804 et
1144 1758 1284 1806 nostram
1306 1766 1372 1808 uon

423 1842 579 1906 dedeceat
592 1845 802 1906 honestatem.
834 1845 919 1905 Nam
934 1845 968 1906 in
985 1845 1034 1907 bis
1051 1866 1123 1927 quae
1139 1846 1253 1907 honori
1270 1859 1372 1909 restro

422 1943 617 2022 conducent,
638 1967 698 2007 uos
722 1947 917 2028 beneplaciti
941 1946 1046 2022 vestri,
1071 1947 1158 2029 quod
1185 1949 1372 2028 poterimus,

421 2043 580 2108 habebitis
610 2047 781 2130 adjutores,
829 2046 882 2109 Ad
906 2047 967 2109 hoc
999 2048 1112 2112 invitat
1137 2047 1229 2122 fides,
1260 2049 1375 2112 suadet

423 2147 559 2224 affectio,
575 2149 632 2212 sed
648 2151 782 2213 Samson
799 2149 852 2210 ille
869 2150 1045 2232 compellit,
1062 2151 1153 2213 cuius
1168 2151 1322 2213 memoria
1338 2151 1372 2212 in

422 2246 647 2313 benedictione
662 2261 719 2314 est.

451 2510 672 2576 EPISTOLA
705 2479 1016 2577 CLXXVlll.-an
1046 2528 1340 2610 nsnrnotonnun'

550 2631 767 2674 exomensnru
783 2631 981 2674 nrrscornn.
1030 2613 1113 2692 [nn.
1132 2618 1241 2696 ltro]

722 2748 864 2810 Domino
877 2745 1069 2812 liconiensi.

465 2860 524 2923 Mn
540 2880 637 2922 cansa
651 2857 768 2939 deplex
783 2857 1068 2940 impraesentiarum
1088 2859 1216 2943 impulit
1234 2863 1275 2926 ad
1298 2868 1374 2928 scri-

420 2956 573 3037 bendum,
587 2969 656 3021 tum
677 2978 717 3020 ne
740 2972 854 3041 praeter
876 2960 1144 3022 consuetudinem
1167 2963 1236 3026 sine
1258 2966 1373 3030 litteris

421 3064 508 3126 abire
523 3062 626 3145 patiar
641 3062 782 3143 aliquem
797 3060 839 3125 ud
855 3082 912 3122 vos
928 3059 967 3123 de
991 3082 1063 3123 mea
1081 3065 1280 3129 conscientia
1300 3089 1371 3149 pro-

350 3239 352 3243 *
420 3162 631 3237 ficisceutem‚
653 3172 720 3223 tum
745 3171 780 3223 ut
802 3162 923 3234 amicis,
948 3182 1081 3243 quorum
1105 3165 1259 3227 voluntati
1282 3168 1373 3230 satis-

421 3263 489 3325 fieri
506 3283 563 3345 par
577 3271 635 3339 est,
650 3284 768 3324 morem
785 3283 903 3343 geram.
944 3263 1123 3344 Voluerunt
1138 3265 1223 3326 euim
1239 3267 1372 3330 latorem

421 3364 626 3448 praeseutium
641 3386 676 3427 *a
705 3366 855 3427 Deronia
886 3364 1069 3441 oriundum,
1097 3375 1133 3427 ut
1162 3369 1281 3446 asserit,
1312 3369 1372 3431 etsi

421 3468 508 3530 credi
530 3466 632 3549 possit
654 3487 728 3530 eum
749 3467 789 3530 ab
810 3465 1015 3529 ulterioribus
1038 3466 1241 3530 convicaneis
1261 3472 1373 3533 vestris

420 3568 506 3631 circa
534 3577 677 3629 montem
707 3566 792 3628 beati
814 3565 1011 3645 Archangeli
1038 3565 1072 3627 in
1103 3568 1177 3629 sinu
1205 3564 1370 3634 Armorico

421 3670 556 3731 traxisse
579 3668 744 3749 originem,
759 3667 944 3749 paternitati
968 3678 1091 3744 vestrae,
1106 3690 1185 3729 meae
1207 3671 1372 3750 parvitatis

419 3771 539 3845 officio,
553 3768 784 3840 commendari,
805 3778 915 3850 utpote
939 3789 1035 3849 quem
1057 3768 1091 3828 iu
1113 3789 1197 3849 pago
1218 3770 1372 3831 Remensi

418 3890 475 3950 per
489 3890 591 3932 annos
604 3867 809 3930 laudabiliter
824 3879 857 3928 et
873 3867 942 3927 siue
959 3867 1091 3945 querela
1104 3865 1275 3948 perhibent
1292 3890 1370 3931 con-

418 3981 586 4034 versatum.
629 3970 700 4031 Illis
714 3970 823 4049 itaque
839 3966 1038 4029 satisfaciens
1052 3966 1161 4048 pietati
1178 3978 1290 4029 vestrae
1306 3980 1370 4040 tarn

419 4092 555 4147 securas,
573 4094 669 4155 quam
691 4070 831 4133 sinceras
846 4069 975 4151 porrigo
989 4089 1112 4151 preces,
1127 4090 1224 4153 qrrum
1245 4072 1373 4153 pridem

419 4183 451 4233 et
465 4193 568 4235 rerum
583 4172 781 4255 experientia
797 4185 830 4235 et
844 4170 995 4235 condicto
1011 4171 1086 4232 mihi
1103 4171 1187 4233 sicut
1211 4181 1243 4234 et
1263 4176 1372 4239 multis

414 4285 540 4336 constet
554 4272 776 4337 discretionem
792 4287 927 4337 vestram
944 4268 1036 4351 legis,
1048 4293 1119 4354 quae
1135 4270 1218 4334 inter
1234 4276 1373 4348 amicos,

415 4385 480 4437 tam
501 4372 658 4456 aequitatis
680 4394 775 4436 suasu
797 4395 892 4457 qnam
917 4373 1047 4435 decreto
1069 4373 1367 4457 philosophantium

418 4474 542 4539 sancita
553 4485 688 4550 estnon·
698 4494 768 4536 esse
780 4474 937 4555 ignarum.
960 4476 1012 4537 Ea
1023 4485 1128 4537 autem
1141 4484 1200 4551 est,
1211 4484 1246 4536 ut
1259 4476 1373 4538 melius
