3875 5725
427 851 621 932 1159-61.]
797 873 975 918 urrsrotu.

583 1109 806 1174 EPISTOLA
828 1111 1045 1173 uitur-u>
1060 1126 1212 1173 nunonu.

749 1245 833 1326 Regi
847 1245 1034 1325 Augurum.

465 1377 531 1448 Qut
554 1396 615 1436 non
648 1376 766 1460 spernit
795 1398 973 1462 pauperum
997 1396 1115 1461 preces,
1138 1375 1313 1439 misericors
1338 1389 1370 1441 et

420 1474 584 1539 miserator
607 1475 765 1540 Dominus
788 1477 925 1540 ecclesiae
948 1497 1016 1539 suae
1039 1477 1176 1558 gemitus
1192 1477 1368 1552 exaudivit,

418 1587 450 1636 et
474 1598 531 1660 per
557 1577 692 1659 gratiam
720 1598 810 1638 suam
837 1576 927 1638 vobis
956 1576 1098 1639 restituit
1122 1598 1245 1660 pacem,
1272 1600 1368 1662 quam

418 1675 556 1758 possitis
570 1689 606 1740 ut
618 1687 756 1761 oportet,
767 1676 933 1739 restituere
947 1676 1085 1738 subditis
1096 1678 1216 1740 vestris.
1239 1675 1369 1743 Justum

418 1776 500 1836 enim
516 1787 574 1854 est,
591 1789 627 1839 ut
643 1776 704 1838 sint
720 1776 968 1837 consolationum
985 1775 1155 1860 participes
1170 1778 1226 1861 qui
1242 1780 1368 1844 contriti

418 1877 538 1939 suntin
563 1876 725 1940 laboribus
744 1875 869 1950 vestris,
889 1888 921 1939 et
941 1877 997 1960 qui
1018 1875 1200 1951 facultates,
1223 1901 1366 1964 corpora,

416 1976 546 2056 animas,
569 1991 710 2042 vestrum
736 1991 951 2063 exposuerunt
974 1977 1015 2040 ad
1038 1977 1177 2055 libitum,
1195 1979 1367 2060 vobiscum,

417 2080 465 2142 vel
475 2078 515 2142 ad
526 2079 685 2143 modicum
693 2079 818 2143 valeant
827 2080 991 2165 respirare,
1000 2092 1033 2143 ut
1042 2080 1364 2165 vestrispostmodum

418 2181 577 2266 obsequiis
593 2182 666 2257 sint,
680 2204 780 2267 quum
791 2203 872 2267 opus
883 2181 992 2255 fuerit,
1003 2180 1151 2266 aptiores.
1190 2184 1363 2261 Caeterum,

415 2280 490 2365 quia
505 2282 536 2344 in
553 2281 694 2346 absentia
712 2294 824 2355 vestra,
841 2303 899 2344 nec
915 2303 986 2367 spes
1001 2280 1118 2366 quietis
1133 2293 1180 2345 est
1197 2284 1364 2348 coaetaneis

414 2383 538 2462 nostris,
548 2384 672 2448 vultum
686 2396 824 2447 restrum
838 2382 997 2446 desiderat
1009 2383 1155 2446 universa
1165 2395 1261 2461 terra,
1271 2400 1363 2471 rogat

415 2485 600 2563 Dominum,
615 2484 647 2549 in
663 2486 756 2570 cujus
766 2507 859 2547 manu
876 2485 974 2548 corda
989 2496 1064 2548 sunt
1080 2508 1203 2568 regum,
1219 2505 1257 2550 ut
1272 2488 1363 2552 vobis

412 2609 517 2649 veram
534 2611 655 2672 pacem,
671 2600 702 2650 et
719 2586 778 2648 sibi
795 2598 928 2650 vestram
941 2587 1077 2671 gratiam
1094 2586 1260 2669 largiatur,
1277 2600 1307 2652 et
1325 2604 1361 2653 ut

410 2688 442 2751 in
459 2712 556 2770 regno
571 2700 676 2751 vestro
691 2687 731 2749 ad
747 2687 990 2751 consolationem
1007 2699 1039 2750 et
1052 2687 1223 2751 utilitatem
1235 2689 1309 2752 cleri
1326 2705 1357 2754 et

409 2788 532 2874 populi,
541 2790 663 2874 placeat
674 2787 810 2872 amplius
822 2810 1017 2850 commanere
1030 2812 1039 2857 3
1063 2808 1118 2848 eos
1129 2789 1187 2872 qui
1198 2811 1256 2872 pro
1270 2790 1359 2853 vobis

413 2904 516 2964 orant,
547 2890 658 2951 audire
688 2888 850 2951 consuevit
881 2887 1078 2961 AltissimuS‚
1102 2902 1134 2950 et
1157 2887 1237 2951 banc
1259 2890 1358 2972 ipsam

409 2994 595 3078 petitionem
620 2989 789 3053 humilium
811 3000 971 3074 acceptam
988 3011 1054 3051 esse
1068 2988 1256 3052 confidimus
1271 2993 1358 3076 apud

409 3117 493 3161 eum.
540 3093 764 3180 Supplicamus
778 3091 887 3177 itaque
903 3089 1057 3174 majestati
1073 3103 1201 3166 vestrae,
1219 3106 1255 3155 ut
1272 3093 1360 3156 vobis

408 3198 542 3283 placeat,
579 3193 665 3279 quod
700 3192 823 3279 placere
853 3191 993 3255 Domino
1020 3190 1224 3265 arbitramur,
1258 3205 1290 3256 et
1320 3207 1356 3258 ut

407 3298 544 3361 redeatis
569 3294 609 3358 ad
628 3292 817 3380 peculiarem
841 3291 995 3378 populum
1018 3305 1170 3367 vestrum,
1191 3316 1250 3378 pro
1265 3296 1358 3382 cujus

408 3399 593 3463 necessitate
603 3406 635 3459 et
645 3396 908 3482 precibuspacem
921 3393 1009 3457 vobis
1018 3416 1037 3455 a
1051 3394 1189 3458 Domino
1197 3397 1356 3461 credimus

408 3502 551 3586 undique
573 3499 786 3562 reformatam.
833 3500 962 3559 Movent
994 3518 1050 3558 vos
1080 3494 1208 3560 devotio
1230 3498 1354 3584 populi,

407 3616 531 3667 moveat
558 3602 690 3665 affectus
714 3601 899 3674 liberorum,
929 3621 947 3659 a
975 3619 1113 3682 quorum
1144 3609 1273 3683 aspectu
1301 3601 1355 3663 vix

406 3706 615 3791 rigidissimus
637 3726 750 3789 parens
772 3716 876 3785 posset
900 3699 1021 3762 tamdiu
1045 3698 1153 3763 oculos
1176 3701 1354 3764 continere:

406 3809 484 3873 fides
506 3820 631 3871 moveat
653 3804 840 3889 conjugalis,
868 3813 992 3865 moveat
1014 3800 1180 3863 amoeoitas
1198 3802 1354 3877 locorum,

405 3925 436 3975 et
452 3909 613 3974 affluentia
628 3906 825 3980 deliciarum,
842 3925 922 3988 quas
931 3924 994 3963 non
1011 3899 1182 3963 sufficimus
1193 3924 1353 3965 enarrare:

403 4026 434 4076 et
450 4036 489 4075 ne
504 4012 665 4099 propriam
678 4021 903 4094 praetereamus
918 4025 1057 4081 causam,
1073 4017 1196 4065 moveat
1212 4004 1353 4068 animum

404 4124 542 4175 vestrum
564 4111 716 4176 desolatio
732 4133 811 4189 mea,
828 4107 884 4193 qui
906 4128 974 4191 prae
997 4114 1090 4167 aetate
1110 4116 1141 4168 et
1164 4105 1355 4188 aegritudine

403 4212 615 4275 desideratum
627 4214 800 4276 adventum
814 4222 954 4273 vestrum
971 4206 1025 4270 diu
1042 4229 1103 4270 non
1119 4219 1231 4291 potero
1242 4230 1354 4291 expec-

402 4327 479 4377 tare.
527 4313 604 4376 Pelli
635 4336 713 4378 meae
751 4313 946 4398 consumptis
982 4309 1130 4373 carnibus
1159 4309 1292 4372 adhaesit
1319 4332 1354 4370 os

398 4436 517 4489 meum,
534 4433 688 4474 recessum
706 4413 846 4475 minatur
862 4411 1005 4497 spiritus,
1018 4410 1119 4472 haeret
1136 4421 1240 4472 tamen
1254 4429 1352 4469 mern·
