3875 5725
498 856 695 939 1159—64]
899 880 1079 928 urrsroLAE.
1391 867 1449 930 131

496 1053 593 1117 copus
610 1031 788 1095 Londonioe
809 1034 1003 1110 convocavit,
1020 1032 1246 1110 celebraretur,
1259 1034 1452 1115 Adeliciam,

493 1135 575 1199 siout
597 1135 690 1198 multi
713 1147 886 1219 praesentes
908 1137 1117 1212 testabantur,
1139 1136 1330 1222 saepedictus
1350 1137 1451 1200 archi-

492 1236 643 1301 diaconus
665 1237 842 1302 inauditam
863 1238 896 1301 in
918 1238 1118 1304 indefensam
1140 1240 1173 1302 in
1194 1238 1333 1324 capitulo
1356 1240 1449 1304 Cole-

489 1338 651 1420 cestrensi,
661 1339 958 1426 nuliopraecedente
966 1341 1089 1427 judicio
1097 1355 1293 1427 praeceperat
1299 1343 1450 1420 amoveri,

488 1453 522 1505 et
541 1442 627 1528 quod
650 1443 777 1527 gravius
797 1455 854 1520 est,
879 1467 1010 1509 uxorem
1031 1446 1129 1510 totius
1149 1446 1244 1530 hujus
1264 1445 1452 1532 quaestionis

490 1543 635 1628 ignaram
652 1568 671 1608 a
686 1546 781 1610 domo
796 1547 902 1610 mariti
919 1569 1059 1633 praesens
1071 1548 1175 1632 ejecit.
1215 1548 1325 1621 Quum
1342 1561 1450 1612 autem

490 1647 523 1710 in
541 1648 611 1732 jam
635 1648 721 1712 dicta
743 1648 862 1733 synodo
889 1648 1105 1711 Londoniensi
1128 1665 1339 1713 memoratum
1364 1650 1451 1712 Win-

495 1751 673 1815 toniensem
691 1751 838 1815 Adelicia
853 1751 1062 1826 convenisset,
1075 1773 1139 1814 non
1155 1751 1215 1814 hoc
1230 1753 1359 1838 quidem
1376 1755 1453 1837 egit,

490 1851 550 1915 nisi
573 1863 610 1915 ut
631 1852 754 1916 illatam
778 1852 837 1915 sibi
861 1853 902 1916 ad
925 1852 1146 1916 archidiacono
1167 1853 1346 1938 deploraret
1367 1854 1453 1937 inju-

493 1954 584 2034 riam,
607 1966 641 2018 et
661 1954 755 2038 juxta
781 1954 967 2018 mandatum
995 1954 1081 2040 quod
1107 1954 1254 2019 dominus
1284 1956 1452 2020 Albericus

494 2056 617 2140 legatus
635 2056 860 2120 Wintoniensis
875 2056 1004 2134 lecerat,
1023 2057 1180 2140 justitiam
1204 2071 1453 2145 consequeretur

497 2159 632 2223 Nullum
649 2171 756 2222 autem
773 2159 859 2222 aliud
875 2160 1019 2234 verbum,
1033 2159 1114 2222 sicut
1130 2159 1263 2244 probare
1280 2161 1453 2237 nitebatur,

492 2261 538 2325 ibi
562 2260 707 2325 habitum
728 2272 778 2326 est
798 2283 871 2325 cum
894 2262 973 2347 ipsa,
986 2261 1045 2326 nisi
1069 2263 1155 2348 quod
1174 2264 1338 2349 querelam
1361 2285 1452 2327 suam

491 2364 576 2450 apud
596 2363 741 2449 judicem
766 2365 896 2429 surdum
920 2365 1076 2450 deposuit.
1123 2366 1328 2440 Querebatur
1353 2367 1451 2430 etiam

494 2466 579 2552 quod
607 2467 693 2532 idem
723 2466 949 2531 Wintonieusis
976 2467 1016 2531 ad
1043 2467 1244 2553 dispendium
1272 2471 1353 2554 ejus,
1379 2491 1453 2532 con-

499 2567 605 2632 silium
628 2568 750 2632 domini
774 2567 954 2631 Innocentii
978 2567 1103 2632 trahere
1125 2570 1325 2655 disponebat,
1353 2593 1452 2658 quum

495 2671 529 2732 in
560 2669 749 2754 supradictis
777 2669 892 2733 litteris
926 2668 1049 2733 domiui
1085 2671 1264 2736 iunocentii
1301 2673 1380 2736 nihil
1413 2674 1454 2737 dc

498 2772 684 2857 parentibus
699 2773 767 2856 ejus
779 2793 962 2857 expressum
978 2771 1084 2847 fuerit,
1097 2772 1152 2835 sed
1165 2773 1270 2836 nescio
1285 2773 1454 2860 dequibus

499 2873 583 2937 male
600 2873 794 2957 conjunctis:
819 2884 966 2958 parentes
987 2874 1072 2936 enim
1094 2874 1164 2958 ejus
1186 2897 1388 2961 nequaquam
1410 2876 1455 2939 sic

499 2986 733 3048 convenerant3
758 2973 844 3059 quod
860 2973 885 3036 si
902 2995 955 3036 eos
971 2974 1152 3040 convenisse
1167 2976 1357 3062 saepedictus
1372 2976 1455 3063 epis-

497 3099 594 3162 copus
617 3075 747 3139 domino
769 3096 861 3161 papae
884 3074 1053 3159 suggessit,
1075 3089 1109 3141 et
1131 3076 1219 3141 falsae
1246 3077 1455 3162 suggestionis

496 3180 602 3264 culpa,
628 3191 661 3244 et
682 3176 778 3242 alieni
801 3177 960 3241 mendacii
984 3178 1103 3242 crimen
1127 3179 1238 3243 obesse
1261 3202 1324 3244 non
1347 3180 1455 3245 debet.

498 3282 535 3345 In
560 3303 686 3345 summa
707 3279 789 3344 sicut
815 3279 973 3345 Ricardus
993 3282 1153 3367 praecipue
1173 3282 1349 3366 insistebat,
1367 3283 1458 3348 insti·

495 3381 611 3447 tutioui
627 3381 776 3447 avunculi
800 3381 989 3468 petitionem
1006 3382 1201 3447 haercditatis
1222 3382 1401 3462 instituens,
1422 3395 1456 3449 et

497 3488 538 3553 ad
554 3488 754 3564 damnatum,
771 3497 808 3550 ut
830 3485 970 3566 dicebat,
986 3486 1178 3552 adulterium
1200 3489 1455 3553 convincendum

501 3589 669 3655 sententiae
686 3588 912 3654 Wintoniensis
934 3589 1084 3675 episcopi.
1131 3590 1184 3658 Sic
1207 3616 1224 3655 e
1247 3602 1358 3655 contra
1383 3590 1457 3655 Ma·

496 3691 574 3756 bilia
595 3690 733 3753 maxime
755 3689 853 3774 patris
873 3689 1052 3753 novissimae
1074 3690 1227 3754 voluntati
1247 3690 1456 3769 innitebatur,

498 3810 531 3857 et
541 3792 665 3880 judicio
681 3790 805 3855 comitis
822 3790 1015 3856 Theobaldi.
1054 3791 1138 3854 Nam
1151 3802 1324 3878 utrumque
1341 3792 1455 3856 docere

502 3895 637 3961 testibus
662 3891 886 3979 promittebat:
921 3892 1058 3957 adhaec
1087 3893 1112 3956 si
1138 3915 1203 3955 non
1229 3915 1457 3980 usquequaque

504 4024 576 4086 pars
598 4000 761 4064 aberraret
782 3998 930 4075 auctoris,
946 3997 1007 4061 sibi
1028 4010 1061 4061 et
1083 3997 1291 4063 diuturnitate
1307 4000 1459 4085 temporis

506 4112 537 4164 et
549 4101 631 4185 juris
645 4100 834 4185 ignorantia,
850 4122 985 4165 numero
1006 4100 1191 4181 liberorum,
1214 4112 1248 4164 et
1269 4102 1459 4168 auctoritate

505 4201 661 4280 ecclesiae,
684 4225 757 4290 quae
779 4203 1018 4268 matrimonium
1043 4203 1122 4269 illud
1146 4203 1364 4289 conjunxerat,
1387 4205 1462 4269 sub·

501 4302 696 4368 veniendum
723 4329 791 4370 esse
814 4307 1059 4392 protestabatur.
1106 4306 1190 4371 Nam
1218 4306 1251 4370 in
1282 4330 1376 4371 causa
1401 4312 1461 4373 du-

502 4406 577 4470 riori
594 4406 697 4470 Divus
711 4408 842 4473 Marcus
854 4425 887 4474 et
899 4412 1021 4475 Lucius
1035 4409 1205 4495 benignius
1219 4411 1462 4495 responderunt,

498 4514 545 4575 ita
570 4509 690 4574 Flaviae
715 4511 873 4577 Tertullae
893 4534 951 4597 per
973 4534 1153 4577 mensorem
1177 4513 1328 4577 libertum
1356 4512 1466 4575 rescri-

960 4623 1014 4679 ut
