3875 5725
429 874 624 954 Hert-64]
797 892 976 940 uersronn.
1317 879 1377 939 145

420 1043 569 1110 conversi
581 1042 622 1108 ad
643 1065 716 1108 eum
732 1043 790 1130 qui
813 1042 921 1108 fideles
942 1062 1016 1108 suos
1038 1043 1153 1109 tentari
1169 1066 1230 1108 non
1253 1047 1376 1130 patitur

424 1171 521 1234 snpra
540 1146 572 1210 id
588 1147 675 1234 quod
696 1158 840 1232 possunt,
855 1146 974 1211 iaciens
995 1145 1124 1232 quidem
1147 1144 1188 1210 de
1203 1145 1377 1211 tentatione

422 1262 624 1335 proventum,
637 1258 672 1313 ut
688 1248 793 1313 omnia
802 1261 1015 1334 cooperentur
1029 1249 1061 1312 in
1075 1249 1203 1312 bonum.
1236 1249 1274 1310 In
1292 1260 1376 1313 sorte

421 1372 558 1438 namque
576 1353 734 1438 justorum
751 1365 952 1439 peccatorum
974 1355 1062 1433 virga
1077 1373 1138 1414 non
1156 1362 1329 1436 permanet,
1344 1363 1377 1415 et

349 1456 351 1460 ’
420 1452 573 1540 quicquid
594 1453 635 1516 ab
657 1453 825 1538 iniquitate
848 1453 979 1528 recedit,
995 1476 1049 1517 seu
1072 1453 1227 1539 prosperi,
1244 1476 1298 1518 seu
1320 1453 1376 1517 ad-

420 1553 502 1616 versi
513 1554 627 1617 faciem
638 1552 975 1631 induat‚nihilominus
990 1553 1115 1639 prolicit
1127 1552 1167 1615 ad
1184 1552 1329 1628 salutem,
1341 1565 1374 1618 et

420 1667 556 1720 conatur
578 1653 619 1716 ad
640 1652 783 1738 gloriam.
831 1654 878 1716 Ex
900 1677 1007 1718 rerum
1030 1677 1167 1739 namque
1186 1652 1374 1719 difficultate

422 1757 534 1822 crescit
559 1757 706 1823 meritum
736 1756 820 1830 fidei,
846 1768 878 1819 et
903 1755 1070 1839 gloriosior
1100 1767 1147 1818 est
1177 1755 1373 1840 triumphus,

422 1879 517 1944 quem
531 1856 701 1920 assiduitas
715 1857 872 1932 laborum,
883 1871 915 1920 et
931 1855 1146 1943 periculorum
1162 1855 1331 1941 susceptio,
1342 1869 1375 1920 et

416 1959 506 2045 jugis
514 1958 668 2046 patientia
680 1978 917 2044 proecesseruut.
943 1959 976 2022 Si
987 1958 1027 2022 de
1039 1981 1071 2022 se
1082 1958 1247 2044 praesumit
1258 1957 1374 2043 aliquis

419 2061 451 2123 in
467 2083 534 2146 quo
549 2059 666 2139 deficit,
675 2060 703 2123 si
717 2058 758 2123 de
774 2062 924 2137 Domino,
937 2060 969 2123 in
984 2084 1051 2146 quo
1066 2082 1127 2122 non
1143 2058 1278 2144 proiicit,
1293 2062 1375 2125 Sina

418 2183 477 2241 me,
487 2160 606 2246 inquit,
618 2163 702 2223 atati
711 2163 982 2244 potestiofocere:
1008 2172 1040 2223 et
1055 2160 1087 2222 in
1100 2183 1138 2222 eo
1149 2161 1244 2245 cujus
1258 2160 1374 2246 spiritu

418 2263 525 2346 agitur
548 2262 722 2349 apostolus,
748 2267 854 2326 omnia
877 2275 992 2349 potest.
1037 2261 1117 2338 Quis
1141 2265 1283 2327 virorum
1309 2262 1373 2326 for-

418 2365 501 2430 tium
516 2378 548 2431 et
564 2365 748 2430 sublimium
765 2365 844 2428 illud
861 2388 922 2429 nou
939 2365 1074 2429 libenter
1089 2361 1316 2450 amplectitur?

524 2483 568 2536 Tu
580 2503 613 2537 ne
625 2484 688 2537 cede
700 2483 786 2546 malie,
798 2482 844 2536 sed
857 2488 944 2535 eontra
955 2482 1091 2535 audentior
1102 2483 1147 2544 ito,

526 2569 615 2630 Quam
626 2574 672 2623 tua
684 2575 711 2621 te
719 2568 823 2622 fortuna
835 2571 912 2621 sinat.

422 2667 510 2743 Quid
523 2691 598 2751 ergo
612 2669 698 2748 [ille]
709 2692 806 2754 quem
817 2668 960 2733 Verbum
973 2671 1078 2734 Patris
1089 2670 1205 2733 invitat
1217 2670 1257 2734 ad
1267 2671 1373 2749 fortia,

417 2781 453 2834 et
467 2768 586 2833 animat
600 2770 634 2834 in
650 2770 855 2834 tribulatione
870 2771 1039 2849 malorum,
1053 2783 1085 2836 et
1100 2769 1232 2836 dolore?
1254 2773 1373 2853 dicens,

423 2874 583 2958 Confidite
595 2875 631 2936 r'ra
647 2895 705 2951 me,
719 2895 775 2955 ego
789 2877 853 2937 oica·
867 2877 1036 2937 mundum.

464 2974 607 3039 Dilatare
621 2974 724 3039 voluit
739 2975 897 3040 Dominus
912 2998 1026 3040 nomen
1047 2998 1152 3056 suum,
1168 2993 1199 3046 et
1223 2980 1373 3066 martyris

421 3075 470 3140 sui
493 3077 626 3162 gloriam
651 3077 822 3141 transferre
844 3078 885 3141 ad
907 3091 1054 3144 externas
1076 3081 1230 3158 nationes,
1255 3095 1292 3147 ut
1315 3084 1372 3171 qui

421 3176 512 3263 quasi
529 3178 589 3241 sub
609 3178 715 3241 modio
731 3179 921 3244 Senonensis
941 3180 1079 3244 ecclesiae
1099 3181 1228 3260 latebat,
1245 3206 1372 3271 respon-

421 3277 495 3344 deat
517 3278 549 3342 in
572 3278 677 3344 medio
698 3281 875 3358 nationum,
891 3295 922 3346 et
946 3282 1153 3347 multitudine
1168 3285 1373 3371 populorum·

423 3381 462 3444 ln
472 3380 557 3445 oedes
569 3404 642 3446 suas
651 3394 777 3447 tantum
787 3383 870 3449 forte
879 3385 1023 3470 permisit
1033 3385 1226 3466 incendium,
1236 3399 1272 3451 ut
1283 3388 1375 3473 quasi

419 3481 572 3547 beneficio
600 3484 683 3570 ignis
711 3489 909 3565 examinatae,
934 3500 1064 3551 auctore
1093 3489 1244 3566 Domin0‚
1271 3512 1373 3575 quum

419 3585 620 3653 reaedificatae
646 3586 777 3665 fuerint,
804 3589 885 3654 sicut
911 3589 1105 3669 mundiores,
1127 3590 1172 3653 ita
1198 3604 1372 3677 appareant

419 3686 623 3772 pulchriores.
670 3690 778 3765 Quum
794 3711 866 3752 vero
887 3688 1048 3752 ecclesiam
1065 3687 1241 3771 Anglorum
1257 3691 1372 3754 sollici-

420 3800 488 3852 tare
516 3788 681 3874 placuerit,
710 3787 856 3871 diligenti
888 3788 1101 3852 sollicitudine
1136 3790 1310 3873 prudentes
1339 3804 1372 3856 et

419 3889 566 3956 honestos
582 3892 666 3955 viros
684 3890 716 3954 in
733 3890 792 3954 boc
814 3913 894 3974 opus
908 3889 1025 3973 eligere
1048 3888 1216 3966 studeatis,
1232 3914 1371 3977 quorum

418 4007 549 4077 peccata
561 3992 689 4057 minime
700 3992 848 4056 ruborem
864 3990 1021 4054 incutiant
1036 3990 1226 4054 innocentiae
1241 4006 1370 4060 vestrae:

420 4091 546 4157 veniant
561 4096 692 4180 quidem
708 4092 823 4157 muniti
843 4089 1110 4156 commendatitiis
1125 4092 1272 4177 precibus
1287 4096 1374 4181 prin-

420 4191 528 4277 cipum
554 4208 742 4273 vestrorum,
769 4217 832 4258 non
859 4216 925 4281 quo
951 4216 1001 4257 res
1025 4193 1118 4258 aliter
1143 4195 1284 4281 expediri
1309 4221 1371 4262 non

420 4293 530 4380 possit,
545 4295 600 4358 sed
620 4297 697 4382 quia
717 4296 842 4362 facilius
862 4309 894 4360 et
909 4297 1034 4361 felicius
1055 4311 1262 4383 promovetur
1276 4322 1373 4385 nego·

421 4400 514 4478 tium,
535 4399 620 4485 quod
645 4421 829 4485 magnorum
854 4401 992 4465 virorum
1017 4415 1064 4464 est
1086 4406 1276 4467 auctoritate
1298 4406 1373 4467 sub-

421 4502 542 4567 nixum.
589 4502 747 4566 Affecturn
775 4502 911 4587 spondet
941 4502 1093 4566 dominus
1124 4505 1374 4586 cantuariensis,

464 4625 537 4670 von.
556 4627 576 4670 r.
909 4624 926 4666 L
