3875 5725
493 860 601 934 1166]
876 875 1053 920 nersronn.
1383 865 1444 924 331

490 1037 547 1105 est,
563 1027 656 1112 cnjus
671 1029 841 1092 occasione
863 1037 1000 1110 pereunt
1023 1028 1134 1092 multi:
1166 1031 1272 1113 etqui
1294 1029 1446 1113 praeordi-

489 1128 558 1192 nati
569 1138 643 1190 sunt
653 1138 728 1212 post
738 1128 918 1211 triumphos
929 1129 1100 1211 gloriosius
1112 1139 1310 1193 coronantur.
1348 1129 1446 1194 Unde

488 1241 520 1293 et
549 1231 639 1292 navis
667 1231 754 1293 Petri
784 1229 876 1314 quasi
912 1231 1055 1294 Domino
1084 1230 1264 1294 dormiente
1293 1231 1446 1294 fluctibus

490 1331 582 1393 variis
604 1353 689 1414 saepe
713 1331 891 1395 colliditur:
922 1330 978 1394 sed
1001 1333 1077 1415 quia
1100 1332 1141 1395 de
1165 1331 1295 1396 christo
1318 1341 1445 1396 vectore

490 1431 635 1508 confidit,
650 1453 777 1515 semper
792 1429 833 1494 ad
850 1432 959 1493 salutis
975 1433 1124 1512 enavigat
1138 1442 1274 1515 portum.

531 1534 603 1595 Nec
620 1532 782 1613 ambigitis
797 1531 876 1615 quin
891 1531 971 1592 etin
994 1532 1101 1594 medio
1115 1533 1221 1605 vestri,
1239 1530 1444 1597 Coloniensis

489 1632 648 1695 Ecclesiae
671 1631 756 1708 dioc,
777 1651 842 1693 non
866 1640 931 1693 tam
952 1630 1050 1693 lateat
1072 1632 1253 1709 anathema,
1275 1635 1365 1714 qnasi
1387 1634 1445 1696 ali-

491 1753 585 1816 quam
620 1733 685 1794 Dei
714 1732 922 1794 reverentiam
958 1738 992 1793 et
1027 1731 1194 1795 hominum
1221 1733 1445 1798 verecundiam

490 1834 625 1911 habens,
640 1853 735 1914 quam
760 1829 899 1893 insaniat
923 1839 955 1892 et
979 1832 1088 1893 saeviat
1111 1829 1261 1895 adversus
1284 1833 1390 1896 Deum
1413 1843 1447 1898 et

490 1933 649 1996 Ecclesiae
663 1931 836 1993 unitatem:
861 1931 1027 2013 presertim
1045 1953 1145 2015 quum
1164 1933 1223 1995 toti
1246 1933 1366 1997 mundo
1381 1937 1446 1998 fere

488 2034 558 2118 jam
572 2033 748 2096 innotuerit
763 2043 900 2116 quantus
916 2041 1116 2115 contemptor
1136 2033 1293 2098 Ecclesiae
1309 2057 1445 2119 semper,

492 2142 631 2217 quantus
646 2135 803 2206 incentor,
816 2140 849 2194 et
864 2141 976 2195 auctor
991 2132 1180 2204 schismatis,
1196 2155 1239 2196 ex
1252 2155 1314 2217 quo
1329 2138 1445 2218 potuit,

490 2237 550 2299 fuit
564 2237 619 2299 ille
643 2235 845 2298 Coloniensis
870 2242 1082 2316 praesumptor
1104 2236 1272 2311 Ecclesiae,
1287 2239 1446 2302 maximus

488 2339 571 2400 inter
584 2338 725 2399 locustas
740 2336 863 2412 bestiae,
879 2355 1012 2417 quarum
1037 2344 1179 2417 potestas
1194 2346 1243 2399 est
1259 2337 1291 2398 in
1315 2338 1445 2422 linguiS,

489 2451 521 2504 et
546 2439 658 2503 caudis
684 2460 801 2502 earum.
855 2437 1028 2499 Defecerat
1051 2438 1137 2500 enim
1155 2439 1306 2515 schisma,
1328 2463 1443 2525 pacem

490 2540 592 2602 fuerat
614 2548 767 2618 tyrannus
782 2547 887 2598 vester
909 2537 1067 2597 Ecclesiae
1082 2537 1272 2615 redditurus,
1287 2540 1351 2604 nisi
1372 2564 1444 2606 eum

491 2636 629 2701 Colonia
654 2636 750 2698 etiam
777 2634 881 2697 adhuc
905 2633 1055 2696 adversus
1080 2636 1263 2697 Ecclesiam
1286 2638 1444 2715 incitaret,

490 2745 526 2797 ut
548 2734 618 2817 pari
633 2742 705 2793 voto
727 2752 792 2792 non
816 2739 881 2792 tam
904 2729 1020 2792 summi
1041 2730 1204 2810 pontificis
1226 2733 1332 2810 vitam,
1347 2756 1444 2818 quam

489 2834 576 2899 Petri
616 2831 803 2913 dignitatem
845 2839 1002 2894 conentur
1042 2830 1241 2911 extinguere,
1279 2833 1440 2902 dicentes:

491 2936 670 3017 Allipemes
681 2936 823 3017 justum,
840 2934 991 3012 quoniam
1008 2934 1138 2994 inutilis
1151 2940 1198 2995 est
1212 2934 1320 2997 nobis:
1341 2941 1444 3002 aciem
1484 3013 1486 3018 Ι

491 3041 573 3100 tium
602 3038 729 3098 ciarum
756 3037 824 3097 Dei
852 3036 1013 3112 nolemus,
1039 3054 1143 3113 regem
1173 3038 1350 3100 nescientes
1378 3043 1445 3105 nist

494 3140 662 3202 Cererem.
707 3138 759 3198 Eo
779 3136 865 3198 enim
888 3134 939 3211 (ut
961 3136 1065 3216 aiunt)
1081 3136 1247 3217 proposito
1262 3138 1295 3199 in
1316 3140 1443 3205 Italiam

490 3239 626 3324 profecti
641 3248 725 3314 sunt,
739 3246 775 3301 ut
790 3237 997 3300 Cremcnsem
1018 3235 1260 3300 haeresiarcham
1281 3241 1444 3307 intrudant

490 3342 523 3402 in
547 3340 655 3403 sedem
677 3338 775 3414 Petri,
790 3348 823 3400 ct
838 3338 993 3401 vicarium
1016 3338 1136 3402 Christi
1157 3350 1213 3403 aut
1234 3345 1442 3424 comprehen-

491 3441 579 3518 dant,
596 3448 649 3501 aut
671 3437 810 3522 ejiciant,
826 3447 880 3500 aut
902 3438 1060 3500 occidant.
1106 3440 1321 3504 Veruntamen
1341 3445 1442 3508 oratio

490 3540 559 3603 sine
580 3538 812 3601 intermissione
832 3538 869 3600 fit
889 3538 931 3599 ab
952 3537 1104 3601 Ecclesia
1127 3538 1167 3601 ad
1186 3541 1294 3605 Deum
1314 3564 1373 3625 pro
1393 3566 1443 3623 ec,

490 3651 637 3725 utsupra
652 3640 782 3702 modum
802 3640 912 3701 timere
933 3661 998 3702 non
1020 3641 1136 3703 debeat
1151 3661 1170 3703 a
1186 3641 1310 3704 duabus
1330 3644 1443 3708 caudis

490 3741 712 3821 fumigantium
736 3740 895 3815 titionum,
921 3739 1091 3801 Frederico
1118 3747 1150 3799 et
1175 3739 1365 3819 Reginald0,
1387 3746 1442 3826 qui

491 3850 650 3925 ponentes
686 3858 813 3900 carnem
842 3837 1009 3900 brachium
1039 3859 1142 3914 suum,
1167 3850 1313 3902 sanctum
1343 3843 1443 3908 Israel

491 3942 710 4025 blasphemare
738 3959 803 4000 non
829 3948 965 4001 cessant.
1010 3938 1159 4003 Profecto
1185 3941 1242 4002 ubi
1265 3940 1442 4009 humanum

491 4042 589 4120 deest,
609 4041 751 4104 divinum
771 4039 928 4103 auxilium
948 4039 1194 4103 necessitatibus
1213 4043 1357 4107 ecclesiae
1380 4048 1443 4110 suf-

490 4140 637 4221 fragatur.
682 4144 790 4206 Nemo
813 4161 904 4204 suum
929 4139 1130 4203 fraudulenta
1152 4144 1319 4206 verborum
1342 4168 1441 4212 excu-

491 4241 615 4304 satione
650 4251 772 4305 tueatur
807 4264 953 4318 errorem,
984 4243 1202 4323 voluptatibus
1231 4246 1298 4308 suis
1334 4251 1441 4313 nullus

493 4337 678 4423 applaudat,
698 4341 773 4422 quia
794 4342 884 4404 Deus
904 4363 970 4405 non
993 4341 1148 4419 irridetur,
1164 4343 1219 4424 qui
1238 4365 1304 4407 non
1327 4367 1441 4410 secun-

493 4441 570 4505 dum
582 4440 738 4504 visionem
748 4440 873 4522 judicat
888 4445 1067 4507 oculorum:
1085 4465 1145 4508 nec
1161 4444 1303 4509 auditum
1319 4446 1439 4511 aurium
