<?xml version="1.0" encoding="UTF-8"?>
<!DOCTYPE html PUBLIC "-//W3C//DTD XHTML 1.0 Transitional//EN"
    "http://www.w3.org/TR/xhtml1/DTD/xhtml1-transitional.dtd">
<html xmlns="http://www.w3.org/1999/xhtml" xml:lang="en" lang="en">
 <head>
  <title>
</title>
<meta http-equiv="Content-Type" content="text/html;charset=utf-8" />
  <meta name='ocr-system' content='tesseract 3.04.00' />
  <meta name='ocr-capabilities' content='ocr_page ocr_carea ocr_par ocr_line ocrx_word'/>
</head>
<body>
  <div class='ocr_page' id='page_1' title='image "./joannissaresber01johngoog_0215.png"; bbox 0 0 3875 5725; ppageno 0'>
   <div class='ocr_carea' id='block_1_1' title="bbox 420 849 1371 924">
    <p class='ocr_par' dir='ltr' id='par_1_1' title="bbox 420 849 1371 924">
     <span class='ocr_line' id='line_1_1' title="bbox 420 849 1371 924; baseline 0 -16"><span class='ocrx_word' id='word_1_1' title='bbox 420 849 530 924; x_wconf 74' lang='lat' dir='ltr'>lisa]</span> <span class='ocrx_word' id='word_1_2' title='bbox 799 863 979 909; x_wconf 77' lang='lat' dir='ltr'>nmsronu.</span> <span class='ocrx_word' id='word_1_3' title='bbox 1312 849 1371 908; x_wconf 77' lang='lat'>197</span> 
     </span>
    </p>
   </div>
   <div class='ocr_carea' id='block_1_2' title="bbox 413 1013 1366 1199">
    <p class='ocr_par' dir='ltr' id='par_1_2' title="bbox 413 1013 1366 1199">
     <span class='ocr_line' id='line_1_2' title="bbox 414 1013 1362 1088; baseline 0.001 -13"><span class='ocrx_word' id='word_1_4' title='bbox 414 1013 625 1088; x_wconf 89' lang='lat' dir='ltr'>Wintoniam,</span> <span class='ocrx_word' id='word_1_5' title='bbox 643 1014 697 1077; x_wconf 90' lang='lat' dir='ltr'>sed</span> <span class='ocrx_word' id='word_1_6' title='bbox 714 1014 789 1076; x_wconf 91' lang='lat' dir='ltr'>mibi</span> <span class='ocrx_word' id='word_1_7' title='bbox 811 1015 851 1077; x_wconf 88' lang='lat' dir='ltr'>de</span> <span class='ocrx_word' id='word_1_8' title='bbox 867 1015 1000 1078; x_wconf 86' lang='lat' dir='ltr'>veritate</span> <span class='ocrx_word' id='word_1_9' title='bbox 1021 1036 1083 1077; x_wconf 92' lang='lat' dir='ltr'>non</span> <span class='ocrx_word' id='word_1_10' title='bbox 1099 1026 1232 1077; x_wconf 86' lang='lat' dir='ltr'>constat.</span> <span class='ocrx_word' id='word_1_11' title='bbox 1280 1017 1362 1078; x_wconf 87' lang='lat' dir='ltr'><strong>Item</strong></span> 
     </span>
     <span class='ocr_line' id='line_1_3' title="bbox 413 1112 1366 1199; baseline 0.002 -24"><span class='ocrx_word' id='word_1_12' title='bbox 413 1113 541 1189; x_wconf 88' lang='lat' dir='ltr'>dicitur,</span> <span class='ocrx_word' id='word_1_13' title='bbox 558 1113 644 1198; x_wconf 91' lang='lat' dir='ltr'>quod</span> <span class='ocrx_word' id='word_1_14' title='bbox 658 1113 810 1199; x_wconf 86' lang='lat' dir='ltr'><strong>episcopi,</strong></span> <span class='ocrx_word' id='word_1_15' title='bbox 825 1118 1005 1199; x_wconf 90' lang='lat' dir='ltr'>inquorum</span> <span class='ocrx_word' id='word_1_16' title='bbox 1018 1112 1254 1199; x_wconf 88' lang='lat' dir='ltr'>episcopatibus</span> <span class='ocrx_word' id='word_1_17' title='bbox 1268 1113 1366 1177; x_wconf 90' lang='lat' dir='ltr'>eccle·</span> 
     </span>
    </p>
   </div>
   <div class='ocr_carea' id='block_1_3' title="bbox 409 1214 1439 4035">
    <p class='ocr_par' dir='ltr' id='par_1_3' title="bbox 414 1214 1439 3001">
     <span class='ocr_line' id='line_1_4' title="bbox 414 1214 1368 1298; baseline 0.003 -21"><span class='ocrx_word' id='word_1_18' title='bbox 414 1214 469 1279; x_wconf 86' lang='lat' dir='ltr'>siae</span> <span class='ocrx_word' id='word_1_19' title='bbox 484 1228 597 1279; x_wconf 87' lang='lat' dir='ltr'>vestrae</span> <span class='ocrx_word' id='word_1_20' title='bbox 618 1227 704 1292; x_wconf 89' lang='lat' dir='ltr'>sunt,</span> <span class='ocrx_word' id='word_1_21' title='bbox 719 1215 751 1278; x_wconf 90' lang='lat' dir='ltr'>in</span> <span class='ocrx_word' id='word_1_22' title='bbox 767 1216 813 1279; x_wconf 89' lang='lat' dir='ltr'>eis</span> <span class='ocrx_word' id='word_1_23' title='bbox 829 1214 924 1278; x_wconf 93' lang='lat' dir='ltr'>modo</span> <span class='ocrx_word' id='word_1_24' title='bbox 938 1214 1193 1298; x_wconf 87' lang='lat' dir='ltr'>jurisdictionem</span> <span class='ocrx_word' id='word_1_25' title='bbox 1209 1229 1368 1295; x_wconf 85' lang='lat' dir='ltr'>exercent,</span> 
     </span>
     <span class='ocr_line' id='line_1_5' title="bbox 414 1315 1364 1401; baseline 0.006 -25"><span class='ocrx_word' id='word_1_26' title='bbox 414 1336 453 1378; x_wconf 90' lang='lat' dir='ltr'>eo</span> <span class='ocrx_word' id='word_1_27' title='bbox 468 1315 554 1401; x_wconf 92' lang='lat' dir='ltr'>quod</span> <span class='ocrx_word' id='word_1_28' title='bbox 571 1315 676 1381; x_wconf 88' lang='lat' dir='ltr'>clerici</span> <span class='ocrx_word' id='word_1_29' title='bbox 690 1318 786 1380; x_wconf 90' lang='lat' dir='ltr'>vestri</span> <span class='ocrx_word' id='word_1_30' title='bbox 796 1316 924 1381; x_wconf 82' lang='lat' dir='ltr'>attoniti</span> <span class='ocrx_word' id='word_1_31' title='bbox 937 1339 1020 1380; x_wconf 91' lang='lat' dir='ltr'>nunc</span> <span class='ocrx_word' id='word_1_32' title='bbox 1033 1317 1149 1380; x_wconf 88' lang='lat' dir='ltr'>mutire</span> <span class='ocrx_word' id='word_1_33' title='bbox 1161 1338 1222 1378; x_wconf 91' lang='lat' dir='ltr'>non</span> <span class='ocrx_word' id='word_1_34' title='bbox 1236 1316 1364 1382; x_wconf 90' lang='lat' dir='ltr'>audent.</span> 
     </span>
     <span class='ocr_line' id='line_1_6' title="bbox 416 1417 1367 1505; baseline 0.002 -25"><span class='ocrx_word' id='word_1_35' title='bbox 416 1417 479 1481; x_wconf 85' lang='lat' dir='ltr'>Sed</span> <span class='ocrx_word' id='word_1_36' title='bbox 502 1417 598 1481; x_wconf 86' lang='lat' dir='ltr'>miror</span> <span class='ocrx_word' id='word_1_37' title='bbox 621 1418 646 1481; x_wconf 93' lang='lat' dir='ltr'>si</span> <span class='ocrx_word' id='word_1_38' title='bbox 663 1441 772 1481; x_wconf 88' lang='lat' dir='ltr'>verum</span> <span class='ocrx_word' id='word_1_39' title='bbox 795 1433 855 1498; x_wconf 88' lang='lat' dir='ltr'>est,</span> <span class='ocrx_word' id='word_1_40' title='bbox 876 1419 935 1481; x_wconf 87' lang='lat' dir='ltr'>nisi</span> <span class='ocrx_word' id='word_1_41' title='bbox 958 1419 1035 1505; x_wconf 91' lang='lat' dir='ltr'>quia</span> <span class='ocrx_word' id='word_1_42' title='bbox 1056 1419 1148 1481; x_wconf 84' lang='lat' dir='ltr'>facile</span> <span class='ocrx_word' id='word_1_43' title='bbox 1177 1418 1367 1482; x_wconf 87' lang='lat' dir='ltr'>crediderim</span> 
     </span>
     <span class='ocr_line' id='line_1_7' title="bbox 414 1519 1368 1606; baseline 0.002 -24"><span class='ocrx_word' id='word_1_44' title='bbox 414 1542 467 1583; x_wconf 89' lang='lat' dir='ltr'>eos</span> <span class='ocrx_word' id='word_1_45' title='bbox 481 1519 616 1584; x_wconf 86' lang='lat' dir='ltr'>libenter</span> <span class='ocrx_word' id='word_1_46' title='bbox 631 1520 713 1584; x_wconf 89' lang='lat' dir='ltr'>velle</span> <span class='ocrx_word' id='word_1_47' title='bbox 726 1523 865 1604; x_wconf 89' lang='lat' dir='ltr'>irrepere</span> <span class='ocrx_word' id='word_1_48' title='bbox 880 1543 1086 1606; x_wconf 89' lang='lat' dir='ltr'>quocumque</span> <span class='ocrx_word' id='word_1_49' title='bbox 1097 1519 1200 1593; x_wconf 91' lang='lat' dir='ltr'>mod0‚</span> <span class='ocrx_word' id='word_1_50' title='bbox 1214 1533 1250 1584; x_wconf 89' lang='lat' dir='ltr'>ut</span> <span class='ocrx_word' id='word_1_51' title='bbox 1266 1543 1368 1606; x_wconf 88' lang='lat' dir='ltr'>quau-</span> 
     </span>
     <span class='ocr_line' id='line_1_8' title="bbox 415 1618 1366 1706; baseline 0.004 -24"><span class='ocrx_word' id='word_1_52' title='bbox 415 1619 520 1706; x_wconf 90' lang='lat' dir='ltr'>doque</span> <span class='ocrx_word' id='word_1_53' title='bbox 541 1621 645 1684; x_wconf 86' lang='lat' dir='ltr'>dicere</span> <span class='ocrx_word' id='word_1_54' title='bbox 667 1625 791 1705; x_wconf 82' lang='lat' dir='ltr'>possint</span> <span class='ocrx_word' id='word_1_55' title='bbox 814 1643 846 1682; x_wconf 91' lang='lat' dir='ltr'>se</span> <span class='ocrx_word' id='word_1_56' title='bbox 865 1620 1049 1704; x_wconf 88' lang='lat' dir='ltr'>possedisse.</span> <span class='ocrx_word' id='word_1_57' title='bbox 1097 1618 1191 1698; x_wconf 86' lang='lat' dir='ltr'>Nam,</span> <span class='ocrx_word' id='word_1_58' title='bbox 1208 1633 1243 1684; x_wconf 90' lang='lat' dir='ltr'>ut</span> <span class='ocrx_word' id='word_1_59' title='bbox 1259 1623 1366 1698; x_wconf 90' lang='lat' dir='ltr'>audio,</span> 
     </span>
     <span class='ocr_line' id='line_1_9' title="bbox 417 1720 1369 1787; baseline 0.003 -3"><span class='ocrx_word' id='word_1_60' title='bbox 417 1720 562 1784; x_wconf 89' lang='lat' dir='ltr'>Sefridus</span> <span class='ocrx_word' id='word_1_61' title='bbox 591 1722 797 1787; x_wconf 72' lang='lat' dir='ltr'>cicestrensis</span> <span class='ocrx_word' id='word_1_62' title='bbox 826 1734 957 1784; x_wconf 89' lang='lat' dir='ltr'>vacante</span> <span class='ocrx_word' id='word_1_63' title='bbox 989 1721 1209 1784; x_wconf 86' lang='lat' dir='ltr'>Cantuariensi</span> <span class='ocrx_word' id='word_1_64' title='bbox 1240 1723 1369 1787; x_wconf 87' lang='lat' dir='ltr'>ecclesia</span> 
     </span>
     <span class='ocr_line' id='line_1_10' title="bbox 415 1821 1368 1908; baseline 0.004 -23"><span class='ocrx_word' id='word_1_65' title='bbox 415 1825 459 1886; x_wconf 88' lang='lat' dir='ltr'>sic</span> <span class='ocrx_word' id='word_1_66' title='bbox 472 1823 640 1908; x_wconf 89' lang='lat' dir='ltr'>occupavit</span> <span class='ocrx_word' id='word_1_67' title='bbox 655 1823 798 1886; x_wconf 88' lang='lat' dir='ltr'>ecclesias</span> <span class='ocrx_word' id='word_1_68' title='bbox 813 1821 891 1897; x_wconf 92' lang='lat' dir='ltr'>illas,</span> <span class='ocrx_word' id='word_1_69' title='bbox 908 1821 948 1885; x_wconf 94' lang='lat' dir='ltr'>de</span> <span class='ocrx_word' id='word_1_70' title='bbox 964 1824 1084 1907; x_wconf 90' lang='lat' dir='ltr'>quibus</span> <span class='ocrx_word' id='word_1_71' title='bbox 1106 1844 1190 1885; x_wconf 89' lang='lat' dir='ltr'>nunc</span> <span class='ocrx_word' id='word_1_72' title='bbox 1204 1824 1368 1889; x_wconf 87' lang='lat' dir='ltr'>contendit</span> 
     </span>
     <span class='ocr_line' id='line_1_11' title="bbox 416 1922 1368 2010; baseline 0.002 -24"><span class='ocrx_word' id='word_1_73' title='bbox 416 1945 576 1988; x_wconf 88' lang='lat' dir='ltr'>successor</span> <span class='ocrx_word' id='word_1_74' title='bbox 587 1925 665 2009; x_wconf 87' lang='lat' dir='ltr'>ejus.</span> <span class='ocrx_word' id='word_1_75' title='bbox 691 1923 734 1988; x_wconf 87' lang='lat' dir='ltr'>Et</span> <span class='ocrx_word' id='word_1_76' title='bbox 744 1924 818 1988; x_wconf 89' lang='lat' dir='ltr'>licet</span> <span class='ocrx_word' id='word_1_77' title='bbox 827 1922 1011 1988; x_wconf 87' lang='lat' dir='ltr'>incredibile</span> <span class='ocrx_word' id='word_1_78' title='bbox 1022 1923 1062 1987; x_wconf 86' lang='lat' dir='ltr'>sit</span> <span class='ocrx_word' id='word_1_79' title='bbox 1072 1922 1156 2010; x_wconf 90' lang='lat' dir='ltr'>quod</span> <span class='ocrx_word' id='word_1_80' title='bbox 1168 1925 1227 1986; x_wconf 90' lang='lat' dir='ltr'>boc</span> <span class='ocrx_word' id='word_1_81' title='bbox 1238 1923 1368 2005; x_wconf 80' lang='lat' dir='ltr'>faciant,</span> 
     </span>
     <span class='ocr_line' id='line_1_12' title="bbox 416 2023 1366 2112; baseline 0.004 -25"><span class='ocrx_word' id='word_1_82' title='bbox 416 2023 491 2090; x_wconf 91' lang='lat' dir='ltr'>mibi</span> <span class='ocrx_word' id='word_1_83' title='bbox 509 2038 613 2089; x_wconf 88' lang='lat' dir='ltr'>tamen</span> <span class='ocrx_word' id='word_1_84' title='bbox 629 2028 745 2091; x_wconf 91' lang='lat' dir='ltr'>bonum</span> <span class='ocrx_word' id='word_1_85' title='bbox 763 2026 900 2101; x_wconf 88' lang='lat' dir='ltr'>videtur,</span> <span class='ocrx_word' id='word_1_86' title='bbox 914 2037 950 2089; x_wconf 89' lang='lat' dir='ltr'>ut</span> <span class='ocrx_word' id='word_1_87' title='bbox 965 2026 1055 2090; x_wconf 90' lang='lat' dir='ltr'>vobis</span> <span class='ocrx_word' id='word_1_88' title='bbox 1070 2026 1270 2110; x_wconf 89' lang='lat' dir='ltr'>prospiciatis</span> <span class='ocrx_word' id='word_1_89' title='bbox 1278 2027 1366 2112; x_wconf 91' lang='lat' dir='ltr'>apud</span> 
     </span>
     <span class='ocr_line' id='line_1_13' title="bbox 416 2126 1439 2214; baseline 0.001 -24"><span class='ocrx_word' id='word_1_90' title='bbox 416 2127 580 2191; x_wconf 90' lang='lat' dir='ltr'>dominum</span> <span class='ocrx_word' id='word_1_91' title='bbox 602 2151 729 2214; x_wconf 90' lang='lat' dir='ltr'>papam,</span> <span class='ocrx_word' id='word_1_92' title='bbox 753 2128 930 2213; x_wconf 89' lang='lat' dir='ltr'>impetratis</span> <span class='ocrx_word' id='word_1_93' title='bbox 952 2126 1051 2191; x_wconf 90' lang='lat' dir='ltr'>literis</span> <span class='ocrx_word' id='word_1_94' title='bbox 1077 2128 1145 2213; x_wconf 88' lang='lat' dir='ltr'>ejus</span> <span class='ocrx_word' id='word_1_95' title='bbox 1172 2128 1367 2212; x_wconf 89' lang='lat' dir='ltr'>patentibus,</span> <span class='ocrx_word' id='word_1_96' title='bbox 1437 2159 1439 2162; x_wconf 95' lang='lat'>·</span> 
     </span>
     <span class='ocr_line' id='line_1_14' title="bbox 416 2225 1365 2312; baseline 0.003 -24"><span class='ocrx_word' id='word_1_97' title='bbox 416 2248 454 2289; x_wconf 90' lang='lat' dir='ltr'>ne</span> <span class='ocrx_word' id='word_1_98' title='bbox 466 2225 687 2292; x_wconf 86' lang='lat' dir='ltr'>Cantuariensi</span> <span class='ocrx_word' id='word_1_99' title='bbox 699 2228 836 2291; x_wconf 88' lang='lat' dir='ltr'>ecclesiae</span> <span class='ocrx_word' id='word_1_100' title='bbox 851 2227 882 2289; x_wconf 91' lang='lat' dir='ltr'>in</span> <span class='ocrx_word' id='word_1_101' title='bbox 896 2241 1055 2311; x_wconf 89' lang='lat' dir='ltr'>posterum</span> <span class='ocrx_word' id='word_1_102' title='bbox 1072 2240 1192 2303; x_wconf 91' lang='lat' dir='ltr'>noceat,</span> <span class='ocrx_word' id='word_1_103' title='bbox 1203 2227 1365 2312; x_wconf 90' lang='lat' dir='ltr'>quidquid</span> 
     </span>
     <span class='ocr_line' id='line_1_15' title="bbox 417 2329 1366 2415; baseline 0.003 -23"><span class='ocrx_word' id='word_1_104' title='bbox 417 2340 601 2415; x_wconf 81' lang='lat' dir='ltr'>tempestate</span> <span class='ocrx_word' id='word_1_105' title='bbox 616 2329 674 2395; x_wconf 86' lang='lat' dir='ltr'>hac</span> <span class='ocrx_word' id='word_1_106' title='bbox 695 2329 846 2394; x_wconf 90' lang='lat' dir='ltr'>adversus</span> <span class='ocrx_word' id='word_1_107' title='bbox 861 2353 928 2393; x_wconf 90' lang='lat' dir='ltr'>eam</span> <span class='ocrx_word' id='word_1_108' title='bbox 950 2330 1049 2393; x_wconf 87' lang='lat' dir='ltr'>fuerit</span> <span class='ocrx_word' id='word_1_109' title='bbox 1065 2342 1265 2415; x_wconf 88' lang='lat' dir='ltr'>usurpatum.</span> <span class='ocrx_word' id='word_1_110' title='bbox 1302 2331 1366 2395; x_wconf 88' lang='lat' dir='ltr'>Sed</span> 
     </span>
     <span class='ocr_line' id='line_1_16' title="bbox 415 2431 1364 2517; baseline 0.002 -23"><span class='ocrx_word' id='word_1_111' title='bbox 415 2452 487 2515; x_wconf 87' lang='lat' dir='ltr'>quae</span> <span class='ocrx_word' id='word_1_112' title='bbox 512 2446 669 2517; x_wconf 87' lang='lat' dir='ltr'>geruntur</span> <span class='ocrx_word' id='word_1_113' title='bbox 693 2432 725 2496; x_wconf 89' lang='lat' dir='ltr'>in</span> <span class='ocrx_word' id='word_1_114' title='bbox 747 2433 874 2516; x_wconf 87' lang='lat' dir='ltr'>Anglia,</span> <span class='ocrx_word' id='word_1_115' title='bbox 902 2431 1017 2516; x_wconf 86' lang='lat' dir='ltr'>saepius</span> <span class='ocrx_word' id='word_1_116' title='bbox 1043 2431 1161 2495; x_wconf 89' lang='lat' dir='ltr'>auditis</span> <span class='ocrx_word' id='word_1_117' title='bbox 1180 2444 1212 2495; x_wconf 91' lang='lat' dir='ltr'>et</span> <span class='ocrx_word' id='word_1_118' title='bbox 1236 2436 1364 2497; x_wconf 88' lang='lat' dir='ltr'>certius.</span> 
     </span>
     <span class='ocr_line' id='line_1_17' title="bbox 415 2533 1362 2618; baseline 0 -21"><span class='ocrx_word' id='word_1_119' title='bbox 415 2533 493 2597; x_wconf 91' lang='lat' dir='ltr'>Ideo</span> <span class='ocrx_word' id='word_1_120' title='bbox 508 2556 630 2618; x_wconf 89' lang='lat' dir='ltr'>precor,</span> <span class='ocrx_word' id='word_1_121' title='bbox 647 2546 683 2597; x_wconf 92' lang='lat' dir='ltr'>ut</span> <span class='ocrx_word' id='word_1_122' title='bbox 699 2533 740 2597; x_wconf 90' lang='lat' dir='ltr'>de</span> <span class='ocrx_word' id='word_1_123' title='bbox 755 2547 840 2598; x_wconf 90' lang='lat' dir='ltr'>statu</span> <span class='ocrx_word' id='word_1_124' title='bbox 858 2547 963 2596; x_wconf 88' lang='lat' dir='ltr'>vestro</span> <span class='ocrx_word' id='word_1_125' title='bbox 978 2546 1008 2597; x_wconf 90' lang='lat' dir='ltr'>et</span> <span class='ocrx_word' id='word_1_126' title='bbox 1026 2533 1133 2610; x_wconf 87' lang='lat' dir='ltr'>curiae,</span> <span class='ocrx_word' id='word_1_127' title='bbox 1149 2546 1181 2597; x_wconf 87' lang='lat' dir='ltr'>et</span> <span class='ocrx_word' id='word_1_128' title='bbox 1196 2555 1237 2596; x_wconf 86' lang='lat' dir='ltr'>an</span> <span class='ocrx_word' id='word_1_129' title='bbox 1252 2535 1362 2611; x_wconf 89' lang='lat' dir='ltr'>abbas,</span> 
     </span>
     <span class='ocr_line' id='line_1_18' title="bbox 415 2633 1365 2718; baseline 0.001 -21"><span class='ocrx_word' id='word_1_130' title='bbox 415 2656 511 2718; x_wconf 92' lang='lat' dir='ltr'>quem</span> <span class='ocrx_word' id='word_1_131' title='bbox 534 2633 682 2697; x_wconf 91' lang='lat' dir='ltr'>dominus</span> <span class='ocrx_word' id='word_1_132' title='bbox 704 2655 788 2717; x_wconf 88' lang='lat' dir='ltr'>papa</span> <span class='ocrx_word' id='word_1_133' title='bbox 803 2633 834 2695; x_wconf 92' lang='lat' dir='ltr'>in</span> <span class='ocrx_word' id='word_1_134' title='bbox 858 2636 1006 2715; x_wconf 87' lang='lat' dir='ltr'>Angliam</span> <span class='ocrx_word' id='word_1_135' title='bbox 1030 2635 1212 2708; x_wconf 87' lang='lat' dir='ltr'>transmisit,</span> <span class='ocrx_word' id='word_1_136' title='bbox 1236 2635 1365 2699; x_wconf 87' lang='lat' dir='ltr'>redierit</span> 
     </span>
     <span class='ocr_line' id='line_1_19' title="bbox 415 2731 1366 2816; baseline 0.002 -20"><span class='ocrx_word' id='word_1_137' title='bbox 415 2734 532 2808; x_wconf 84' lang='lat' dir='ltr'>adhuc,</span> <span class='ocrx_word' id='word_1_138' title='bbox 551 2756 601 2796; x_wconf 89' lang='lat' dir='ltr'>me</span> <span class='ocrx_word' id='word_1_139' title='bbox 616 2755 674 2816; x_wconf 86' lang='lat' dir='ltr'>per</span> <span class='ocrx_word' id='word_1_140' title='bbox 688 2731 819 2795; x_wconf 90' lang='lat' dir='ltr'>latorem</span> <span class='ocrx_word' id='word_1_141' title='bbox 835 2733 1040 2815; x_wconf 86' lang='lat' dir='ltr'>praesentium</span> <span class='ocrx_word' id='word_1_142' title='bbox 1056 2734 1236 2797; x_wconf 87' lang='lat' dir='ltr'>certioretis.</span> <span class='ocrx_word' id='word_1_143' title='bbox 1277 2736 1366 2798; x_wconf 84' lang='lat' dir='ltr'>Prae-</span> 
     </span>
     <span class='ocr_line' id='line_1_20' title="bbox 417 2832 1368 2917; baseline 0.002 -19"><span class='ocrx_word' id='word_1_144' title='bbox 417 2846 502 2898; x_wconf 88' lang='lat' dir='ltr'>terea</span> <span class='ocrx_word' id='word_1_145' title='bbox 517 2835 614 2900; x_wconf 91' lang='lat' dir='ltr'>nolite</span> <span class='ocrx_word' id='word_1_146' title='bbox 629 2832 774 2897; x_wconf 91' lang='lat' dir='ltr'>oblivisci</span> <span class='ocrx_word' id='word_1_147' title='bbox 790 2834 923 2897; x_wconf 88' lang='lat' dir='ltr'>verbum</span> <span class='ocrx_word' id='word_1_148' title='bbox 939 2832 1168 2917; x_wconf 88' lang='lat' dir='ltr'>Lugdunensc,</span> <span class='ocrx_word' id='word_1_149' title='bbox 1180 2834 1265 2900; x_wconf 91' lang='lat' dir='ltr'>unde</span> <span class='ocrx_word' id='word_1_150' title='bbox 1281 2836 1368 2900; x_wconf 91' lang='lat' dir='ltr'>solli·</span> 
     </span>
     <span class='ocr_line' id='line_1_21' title="bbox 415 2934 1090 3001; baseline 0.001 -3"><span class='ocrx_word' id='word_1_151' title='bbox 415 2937 537 3001; x_wconf 89' lang='lat' dir='ltr'>citastis</span> <span class='ocrx_word' id='word_1_152' title='bbox 551 2935 715 2999; x_wconf 89' lang='lat' dir='ltr'>dominum</span> <span class='ocrx_word' id='word_1_153' title='bbox 734 2936 909 2997; x_wconf 89' lang='lat' dir='ltr'>Henricum</span> <span class='ocrx_word' id='word_1_154' title='bbox 929 2934 1090 2999; x_wconf 87' lang='lat' dir='ltr'>Pisanum.</span> 
     </span>
    </p>

    <p class='ocr_par' dir='ltr' id='par_1_4' title="bbox 409 3034 1367 4035">
     <span class='ocr_line' id='line_1_22' title="bbox 459 3034 1367 3124; baseline 0.004 -27"><span class='ocrx_word' id='word_1_155' title='bbox 459 3038 580 3113; x_wconf 88' lang='lat' dir='ltr'>Valete,</span> <span class='ocrx_word' id='word_1_156' title='bbox 603 3051 635 3099; x_wconf 89' lang='lat' dir='ltr'>et</span> <span class='ocrx_word' id='word_1_157' title='bbox 658 3034 799 3097; x_wconf 88' lang='lat' dir='ltr'>reducite</span> <span class='ocrx_word' id='word_1_158' title='bbox 821 3034 861 3097; x_wconf 88' lang='lat' dir='ltr'>ad</span> <span class='ocrx_word' id='word_1_159' title='bbox 892 3034 1086 3112; x_wconf 87' lang='lat' dir='ltr'>memoriam,</span> <span class='ocrx_word' id='word_1_160' title='bbox 1113 3058 1209 3122; x_wconf 82' lang='lat' dir='ltr'>quam</span> <span class='ocrx_word' id='word_1_161' title='bbox 1232 3036 1367 3124; x_wconf 87' lang='lat' dir='ltr'>impiger</span> 
     </span>
     <span class='ocr_line' id='line_1_23' title="bbox 414 3135 1364 3223; baseline 0.001 -21"><span class='ocrx_word' id='word_1_162' title='bbox 414 3138 454 3203; x_wconf 89' lang='lat' dir='ltr'>ad</span> <span class='ocrx_word' id='word_1_163' title='bbox 470 3139 660 3223; x_wconf 89' lang='lat' dir='ltr'>obsequium</span> <span class='ocrx_word' id='word_1_164' title='bbox 685 3137 744 3200; x_wconf 92' lang='lat' dir='ltr'>Dei</span> <span class='ocrx_word' id='word_1_165' title='bbox 759 3135 856 3199; x_wconf 81' lang='lat' dir='ltr'>fuerit</span> <span class='ocrx_word' id='word_1_166' title='bbox 879 3137 1022 3200; x_wconf 89' lang='lat' dir='ltr'>decessor</span> <span class='ocrx_word' id='word_1_167' title='bbox 1038 3151 1140 3202; x_wconf 88' lang='lat' dir='ltr'>vester</span> <span class='ocrx_word' id='word_1_168' title='bbox 1162 3162 1199 3202; x_wconf 87' lang='lat' dir='ltr'>ea</span> <span class='ocrx_word' id='word_1_169' title='bbox 1212 3140 1282 3223; x_wconf 88' lang='lat' dir='ltr'>ipsa</span> <span class='ocrx_word' id='word_1_170' title='bbox 1303 3139 1364 3222; x_wconf 86' lang='lat' dir='ltr'>die,</span> 
     </span>
     <span class='ocr_line' id='line_1_24' title="bbox 416 3236 1365 3325; baseline 0.003 -22"><span class='ocrx_word' id='word_1_171' title='bbox 416 3263 481 3325; x_wconf 91' lang='lat' dir='ltr'>qua</span> <span class='ocrx_word' id='word_1_172' title='bbox 500 3239 590 3304; x_wconf 89' lang='lat' dir='ltr'>obiit.</span> <span class='ocrx_word' id='word_1_173' title='bbox 633 3236 766 3302; x_wconf 87' lang='lat' dir='ltr'>Valeant</span> <span class='ocrx_word' id='word_1_174' title='bbox 782 3260 891 3301; x_wconf 91' lang='lat' dir='ltr'>omnes</span> <span class='ocrx_word' id='word_1_175' title='bbox 905 3239 1013 3303; x_wconf 89' lang='lat' dir='ltr'>vestri.</span> <span class='ocrx_word' id='word_1_176' title='bbox 1055 3239 1179 3305; x_wconf 84' lang='lat' dir='ltr'>Salutat</span> <span class='ocrx_word' id='word_1_177' title='bbox 1194 3264 1251 3305; x_wconf 87' lang='lat' dir='ltr'>vos</span> <span class='ocrx_word' id='word_1_178' title='bbox 1265 3242 1365 3307; x_wconf 90' lang='lat' dir='ltr'>abbas</span> 
     </span>
     <span class='ocr_line' id='line_1_25' title="bbox 414 3339 1365 3429; baseline 0.003 -24"><span class='ocrx_word' id='word_1_179' title='bbox 414 3364 514 3421; x_wconf 90' lang='lat' dir='ltr'>meus,</span> <span class='ocrx_word' id='word_1_180' title='bbox 529 3353 560 3405; x_wconf 88' lang='lat' dir='ltr'>et</span> <span class='ocrx_word' id='word_1_181' title='bbox 583 3340 748 3425; x_wconf 87' lang='lat' dir='ltr'>episcopus</span> <span class='ocrx_word' id='word_1_182' title='bbox 765 3339 1017 3419; x_wconf 77' lang='lat' dir='ltr'>catalaunensis,</span> <span class='ocrx_word' id='word_1_183' title='bbox 1031 3364 1103 3405; x_wconf 92' lang='lat' dir='ltr'>cum</span> <span class='ocrx_word' id='word_1_184' title='bbox 1123 3365 1188 3427; x_wconf 93' lang='lat' dir='ltr'>quo</span> <span class='ocrx_word' id='word_1_185' title='bbox 1211 3342 1365 3429; x_wconf 85' lang='lat' dir='ltr'>loquutus</span> 
     </span>
     <span class='ocr_line' id='line_1_26' title="bbox 414 3441 1363 3540; baseline 0.004 -34"><span class='ocrx_word' id='word_1_186' title='bbox 414 3466 497 3520; x_wconf 91' lang='lat' dir='ltr'>sum,</span> <span class='ocrx_word' id='word_1_187' title='bbox 515 3455 552 3506; x_wconf 90' lang='lat' dir='ltr'>ut</span> <span class='ocrx_word' id='word_1_188' title='bbox 573 3464 671 3506; x_wconf 90' lang='lat' dir='ltr'>unum</span> <span class='ocrx_word' id='word_1_189' title='bbox 688 3442 728 3503; x_wconf 89' lang='lat' dir='ltr'>de</span> <span class='ocrx_word' id='word_1_190' title='bbox 751 3441 872 3505; x_wconf 89' lang='lat' dir='ltr'>clericis</span> <span class='ocrx_word' id='word_1_191' title='bbox 894 3442 1006 3506; x_wconf 89' lang='lat' dir='ltr'>vestris</span> <span class='ocrx_word' id='word_1_192' title='bbox 1024 3443 1167 3528; x_wconf 89' lang='lat' dir='ltr'>recipiat,</span> <span class='ocrx_word' id='word_1_193' title='bbox 1188 3444 1243 3529; x_wconf 92' lang='lat' dir='ltr'>qui</span> <span class='ocrx_word' id='word_1_194' title='bbox 1261 3446 1363 3540; x_wconf 66' lang='lat' dir='ltr'>libens</span> 
     </span>
     <span class='ocr_line' id='line_1_27' title="bbox 413 3542 1364 3631; baseline 0.004 -23"><span class='ocrx_word' id='word_1_195' title='bbox 413 3542 595 3630; x_wconf 88' lang='lat' dir='ltr'>acquiescit,</span> <span class='ocrx_word' id='word_1_196' title='bbox 617 3544 653 3608; x_wconf 95' lang='lat' dir='ltr'>id</span> <span class='ocrx_word' id='word_1_197' title='bbox 674 3544 844 3607; x_wconf 88' lang='lat' dir='ltr'>dumtaxat</span> <span class='ocrx_word' id='word_1_198' title='bbox 858 3555 980 3627; x_wconf 90' lang='lat' dir='ltr'>petens,</span> <span class='ocrx_word' id='word_1_199' title='bbox 1005 3557 1041 3608; x_wconf 91' lang='lat' dir='ltr'>ut</span> <span class='ocrx_word' id='word_1_200' title='bbox 1063 3545 1201 3630; x_wconf 90' lang='lat' dir='ltr'>aliquem</span> <span class='ocrx_word' id='word_1_201' title='bbox 1223 3549 1364 3631; x_wconf 91' lang='lat' dir='ltr'>probum</span> 
     </span>
     <span class='ocr_line' id='line_1_28' title="bbox 413 3646 1363 3733; baseline 0.002 -23"><span class='ocrx_word' id='word_1_202' title='bbox 413 3647 571 3711; x_wconf 91' lang='lat' dir='ltr'>hominem</span> <span class='ocrx_word' id='word_1_203' title='bbox 606 3646 749 3710; x_wconf 88' lang='lat' dir='ltr'>mittatis.</span> <span class='ocrx_word' id='word_1_204' title='bbox 808 3647 954 3731; x_wconf 79' lang='lat' dir='ltr'>Recipiet</span> <span class='ocrx_word' id='word_1_205' title='bbox 987 3660 1093 3711; x_wconf 90' lang='lat' dir='ltr'>tamen</span> <span class='ocrx_word' id='word_1_206' title='bbox 1128 3669 1363 3733; x_wconf 90' lang='lat' dir='ltr'>quemcumque</span> 
     </span>
     <span class='ocr_line' id='line_1_29' title="bbox 411 3746 1363 3831; baseline 0 -21"><span class='ocrx_word' id='word_1_207' title='bbox 411 3748 570 3812; x_wconf 89' lang='lat' dir='ltr'>miseritis.</span> <span class='ocrx_word' id='word_1_208' title='bbox 615 3752 681 3813; x_wconf 88' lang='lat' dir='ltr'>Vos</span> <span class='ocrx_word' id='word_1_209' title='bbox 703 3759 809 3809; x_wconf 89' lang='lat' dir='ltr'>autem</span> <span class='ocrx_word' id='word_1_210' title='bbox 831 3746 932 3810; x_wconf 90' lang='lat' dir='ltr'>sicubi</span> <span class='ocrx_word' id='word_1_211' title='bbox 956 3747 1191 3810; x_wconf 87' lang='lat' dir='ltr'>transmiseritis</span> <span class='ocrx_word' id='word_1_212' title='bbox 1213 3746 1363 3831; x_wconf 89' lang='lat' dir='ltr'>aliquem,</span> 
     </span>
     <span class='ocr_line' id='line_1_30' title="bbox 410 3846 1362 3928; baseline -0.001 -17"><span class='ocrx_word' id='word_1_213' title='bbox 410 3847 558 3913; x_wconf 88' lang='lat' dir='ltr'>instruite</span> <span class='ocrx_word' id='word_1_214' title='bbox 580 3870 665 3925; x_wconf 88' lang='lat' dir='ltr'>eum,</span> <span class='ocrx_word' id='word_1_215' title='bbox 683 3860 719 3911; x_wconf 91' lang='lat' dir='ltr'>ut</span> <span class='ocrx_word' id='word_1_216' title='bbox 741 3847 882 3910; x_wconf 88' lang='lat' dir='ltr'>modeste</span> <span class='ocrx_word' id='word_1_217' title='bbox 907 3869 938 3909; x_wconf 88' lang='lat' dir='ltr'>se</span> <span class='ocrx_word' id='word_1_218' title='bbox 961 3847 1098 3909; x_wconf 89' lang='lat' dir='ltr'>babeat:</span> <span class='ocrx_word' id='word_1_219' title='bbox 1122 3846 1198 3928; x_wconf 90' lang='lat' dir='ltr'>quia</span> <span class='ocrx_word' id='word_1_220' title='bbox 1221 3847 1362 3910; x_wconf 91' lang='lat' dir='ltr'>homines</span> 
     </span>
     <span class='ocr_line' id='line_1_31' title="bbox 409 3948 861 4035; baseline -0.004 -24"><span class='ocrx_word' id='word_1_221' title='bbox 409 3950 506 4035; x_wconf 88' lang='lat' dir='ltr'>hujus</span> <span class='ocrx_word' id='word_1_222' title='bbox 521 3951 609 4034; x_wconf 87' lang='lat' dir='ltr'>regni</span> <span class='ocrx_word' id='word_1_223' title='bbox 625 3948 761 4012; x_wconf 86' lang='lat' dir='ltr'>modesti</span> <span class='ocrx_word' id='word_1_224' title='bbox 777 3961 861 4011; x_wconf 88' lang='lat' dir='ltr'>sunt.</span> 
     </span>
    </p>
   </div>
   <div class='ocr_carea' id='block_1_4' title="bbox 0 0 1942 5725">
    <p class='ocr_par' dir='ltr' id='par_1_5' title="bbox 0 0 1942 5725">
     <span class='ocr_line' id='line_1_32' title="bbox 0 0 1942 5725; baseline 0 3"><span class='ocrx_word' id='word_1_225' title='bbox 0 0 1942 5725; x_wconf 95' lang='lat' dir='ltr'> </span> 
     </span>
    </p>
   </div>
  </div>
 </body>
</html>
