3875 5725
581 832 644 887 272
844 838 979 884 Jonmns
995 839 1273 884 suunsurnrrrnsrs
1439 825 1485 898 [a.
1503 845 1537 887 u.

625 996 706 1056 Haec
724 994 794 1070 tibi,
810 993 935 1069 dilecte,
950 1012 1015 1053 non
1038 1002 1103 1052 tam
1120 990 1159 1053 de
1176 992 1280 1054 verbis
1294 993 1421 1071 nostris,
1437 1017 1535 1078 qnam

580 1095 620 1158 de
635 1093 733 1156 sacris
744 1092 908 1176 scripturis
921 1103 1067 1153 constare
1084 1089 1211 1168 debent,
1223 1090 1249 1153 si
1261 1090 1294 1152 in
1306 1112 1345 1154 eo
1357 1093 1536 1176 perstiteris

580 1193 665 1279 quod
695 1194 831 1276 coepisti.
882 1193 958 1255 Sola
987 1192 1071 1253 enim
1103 1192 1339 1273 perseverentia
1368 1205 1428 1271 est,
1458 1217 1533 1278 quae

579 1297 727 1358 virtutum
747 1293 889 1356 omnium
911 1292 1120 1375 consequitur
1139 1293 1287 1354 fructum.
1335 1294 1405 1356 Nec
1421 1294 1486 1370 diu,
1502 1297 1531 1358 si

578 1407 663 1459 recte
688 1397 794 1459 futura
817 1395 967 1470 metiaris,
993 1394 1026 1454 in
1053 1395 1162 1456 labore
1185 1395 1248 1456 isto
1275 1394 1454 1457 sudandum
1481 1409 1533 1458 est

577 1499 648 1575 tibi,
666 1499 742 1581 quia
757 1498 858 1560 oculis
874 1497 937 1558 tuis
957 1497 1103 1557 laborum
1118 1493 1255 1576 gloriosa
1271 1517 1390 1559 merces
1404 1497 1532 1580 impen-

580 1599 644 1676 det,
670 1612 702 1661 et
726 1610 942 1662 remunerator
968 1607 1040 1658 tuus
1067 1608 1148 1658 astat
1172 1596 1204 1658 in
1223 1595 1343 1678 januis
1387 1598 1449 1660 Pro
1473 1599 1532 1661 illo

578 1700 687 1782 itaque
717 1699 743 1760 si
775 1720 846 1782 qnae
882 1696 1038 1758 molestiae
1076 1697 1198 1757 irruunt
1228 1711 1270 1759 ex
1302 1696 1362 1759 tibi
1391 1697 1532 1780 impacto

578 1801 728 1885 prioratu,
745 1812 777 1863 et
800 1800 840 1862 de
863 1797 1079 1862 sollicitudine
1102 1798 1277 1860 animarum
1299 1808 1532 1881 etcorporum,

578 1925 651 1987 qum
674 1902 812 1965 humeris
834 1901 908 1977 tale,
932 1900 972 1963 nd
996 1910 1118 1962 tantum
1141 1922 1232 1974 onae,
1256 1912 1292 1963 ut
1312 1900 1372 1962 tibi
1396 1901 1533 1979 ridetur,

578 2002 740 2066 debilibus
762 2011 794 2063 et
815 2000 1124 2082 infi1·1nis,imp0sita
1147 2012 1205 2073 est,
1222 2001 1343 2063 sustine
1364 2000 1533 2082 patienter,

578 2105 681 2166 clama
701 2102 742 2165 ad
764 2103 881 2184 ipsum,
898 2100 1050 2183 qnoniam
1072 2120 1173 2181 prope
1193 2109 1251 2161 cst.
1297 2101 1342 2161 Et
1363 2100 1450 2182 quod
1473 2101 1532 2163 tibi

577 2205 678 2265 visum
701 2204 792 2265 suerit
814 2203 1028 2284 importabile,
1051 2202 1105 2281 pia
1128 2200 1327 2263 confidentia
1349 2201 1473 2284 rejicias
1496 2204 1528 2263 in

576 2306 725 2367 humeros
747 2303 827 2385 ejus
851 2303 906 2385 qni
928 2323 1020 2362 orem
1043 2296 1167 2362 revexit
1188 2301 1358 2382 perditam,
1380 2311 1412 2362 et
1434 2303 1533 2364 totius

575 2401 707 2464 humani
724 2402 847 2480 generis
863 2401 895 2461 in
912 2400 1001 2480 liguo
1016 2400 1156 2482 portarit
1174 2421 1281 2476 onera,
1298 2400 1430 2484 quando
1445 2403 1532 2484 prin-

575 2503 698 2585 cipatus
712 2501 814 2583 ipsius
836 2501 940 2563 sactus
957 2510 1007 2563 est
1026 2521 1122 2582 snper
1139 2501 1305 2564 humerum
1326 2502 1403 2585 ejus.
1451 2505 1528 2586 lpse

575 2625 648 2666 vero
669 2614 702 2666 te
726 2603 916 2677 sublevabit,
940 2602 1017 2686 quia
1039 2602 1145 2664 fidelis
1168 2615 1227 2680 est,
1248 2615 1280 2667 et
1300 2626 1367 2667 non
1390 2605 1530 2687 patietur

573 2706 687 2769 tentari
710 2727 805 2789 supra
826 2705 861 2767 id
885 2705 971 2789 quod
992 2715 1093 2787 potes,
1116 2704 1172 2766 sed
1198 2705 1293 2768 saciet
1315 2705 1525 2768 tentationem

574 2807 677 2891 ipsam
693 2817 780 2870 tuum
796 2827 866 2869 csse
882 2806 1068 2891 profectum.

603 3086 823 3150 EPISTULA
848 3086 1088 3149 CLXXl.—nr>
1105 3103 1257 3149 eunoun.
1284 3087 1371 3165 [nu.
1391 3088 1498 3166 ll⁶6.]

947 3218 1038 3281 Idem
1056 3221 1185 3283 Eidem.

616 3334 755 3397 Causam
778 3333 869 3394 exilii
891 3333 953 3393 mei
976 3354 1018 3393 ex
1041 3333 1194 3396 relatione
1213 3334 1332 3398 Prioris
1353 3336 1392 3399 de
1413 3339 1526 3401 Monte

572 3434 646 3508 Dei,
662 3444 694 3495 et
714 3454 754 3493 ex
777 3453 849 3493 mea
864 3434 955 3495 robis
978 3447 1087 3496 notam
1103 3455 1171 3495 esse
1194 3437 1343 3499 arbitror:
1369 3449 1524 3499 attamen

571 3534 662 3604 robis
686 3530 839 3615 liquidius
866 3542 1004 3607 constet,
1031 3554 1100 3595 eam
1133 3534 1244 3614 paucis
1270 3556 1409 3615 expono.
1455 3536 1523 3599 Do·

571 3634 657 3697 mino
681 3631 917 3707 Cantuariensi,
932 3642 963 3693 et
981 3632 1150 3708 Ecclesiae,
1170 3643 1206 3694 ut
1228 3634 1328 3714 potui,
1345 3634 1439 3713 astiti,
1462 3658 1523 3699 nec

571 3750 690 3811 tamen,
706 3733 793 3820 qnod
809 3734 1007 3798 conscicntia
1026 3744 1108 3796 teste
1128 3754 1239 3797 secure
1254 3735 1355 3798 audeo
1371 3737 1522 3818 profiteri,

571 3837 735 3901 dominnm
769 3859 876 3919 regem
913 3839 1088 3918 Anglorum
1124 3858 1166 3899 ex
1202 3837 1367 3921 proposito
1404 3838 1521 3921 injuste

570 3941 700 4003 offendi.
747 3942 822 4022 lpse
845 3951 963 4017 autem,
984 3950 1015 4004 et
1038 3961 1099 4018 mc,
1120 3952 1152 4002 et
1174 3940 1297 4002 fratrem
1321 3961 1426 4001 meum
1449 3963 1523 4023 pro·

570 4039 697 4119 scripsit
718 4039 812 4100 bonis
834 4041 960 4114 nostris,
985 4051 1018 4102 et
1040 4060 1100 4118 ego
1123 4039 1257 4101 exilium
1280 4040 1391 4121 patior.
1437 4041 1522 4103 Mihi

570 4156 642 4206 vero
657 4158 717 4199 nec
735 4160 825 4219 opeS,
841 4160 899 4202 nec
917 4140 1024 4217 amici,
1038 4159 1098 4201 uec
1119 4160 1205 4201 arma
1220 4150 1304 4217 sunt,
1320 4141 1437 4224 quibus
1453 4154 1521 4205 ten·

568 4250 634 4317 tum
651 4237 829 4321 principem
844 4242 963 4302 valeam
984 4260 1178 4321 expugnare,
1196 4251 1250 4302 aut
1271 4264 1351 4325 quas
1367 4242 1407 4306 de
1422 4246 1519 4307 bene-

539 4396 544 4405 .
569 4338 687 4422 placito
710 4358 768 4401 sno
790 4339 869 4400 mihi
892 4350 923 4401 et
944 4340 1024 4402 meis
1046 4339 1150 4417 infert,
1171 4343 1356 4427 propulsare
1379 4345 1519 4430 injurias.

570 4438 666 4502 Unde
682 4436 722 4502 ad
737 4446 884 4514 vestmm,
900 4449 931 4501 et
952 4438 1084 4502 aliomm
1108 4452 1290 4505 sanctorum
1308 4445 1519 4527 patrocinium
