3875 5725
465 974 467 977 Ι
494 887 602 967 1166.]
875 906 1054 951 nrrsronu.
1378 891 1442 949 325

491 1056 599 1120 divina
624 1058 803 1138 indignatio
830 1058 864 1120 in
891 1058 1041 1120 diuturna
1070 1058 1212 1140 procella
1241 1057 1440 1138 tempestatis

490 1157 587 1240 hujus
603 1159 794 1239 emergentis
814 1159 854 1221 ab
870 1159 1031 1241 Aquilone
1053 1168 1165 1220 contra
1186 1158 1353 1221 ecclesiam
1374 1177 1440 1219 non

490 1257 636 1340 permisit
650 1280 731 1336 esse,
740 1280 783 1322 ex
799 1281 898 1323 causa
912 1260 1086 1322 liberalitas
1097 1259 1175 1320 mihi
1191 1268 1245 1322 aut
1256 1259 1335 1321 meis
1349 1256 1440 1320 exhi-

489 1358 577 1428 bitae,
593 1359 763 1422 multorum
779 1360 965 1423 debitorem.
1012 1361 1119 1432 Quum
1134 1371 1240 1423 tamen
1256 1369 1331 1422 ante
1347 1360 1438 1422 obse-

491 1458 573 1540 quiis
596 1468 628 1521 et
650 1459 819 1522 beneficiis
839 1459 1064 1542 promeruerim
1088 1460 1224 1521 multos:
1257 1459 1285 1520 si
1310 1457 1440 1540 quidem

485 1557 555 1640 jam
578 1558 668 1621 exilii
690 1558 752 1618 mei
775 1567 905 1640 quartus
928 1557 1030 1636 agitur
1052 1577 1166 1632 annue,
1186 1567 1217 1617 et
1235 1556 1345 1617 tertius
1366 1577 1441 1637 pro·

491 1657 684 1740 scriptionis,
694 1677 756 1719 nec
771 1678 902 1739 possum
916 1657 980 1718 nisi
996 1657 1036 1718 de
1052 1676 1226 1738 paucorum
1242 1655 1306 1718 fide
1321 1657 1441 1718 amico-

490 1779 570 1833 rum,
585 1760 635 1821 vel
650 1779 754 1841 pauca
775 1768 808 1821 ct
829 1779 926 1840 parva
940 1758 982 1821 ad
1002 1759 1143 1820 animum
1164 1755 1315 1819 reducere
1329 1777 1441 1818 monu-

491 1868 609 1921 menta.
654 1860 741 1922 Nam
762 1859 891 1942 plurimi
915 1859 949 1920 in
973 1858 1103 1921 Photini
1126 1856 1272 1919 videntur
1288 1856 1441 1920 incidisse

491 1960 691 2038 sententiam,
706 1959 855 2032 dicentis,

596 2109 652 2160 Dat
662 2125 753 2179 poenas
762 2107 868 2161 laudata
879 2107 957 2171 fides,
968 2125 1048 2176 quum
1059 2106 1170 2159 sustinet
1181 2105 1240 2159 illos

596 2194 671 2256 Quos
681 2192 784 2246 fortuna
794 2195 897 2264 premit.
933 2194 1009 2246 Fatis
1020 2191 1122 2256 accede,
1135 2191 1261 2260 Boisque,

597 2279 634 2330 Et
645 2277 701 2331 cole
711 2277 809 2342 felices,
821 2280 927 2330 miseros
937 2277 1010 2344 firgo,
1022 2277 1108 2329 sideru
1120 2278 1195 2329 terris

599 2363 639 2416 Ut
650 2364 757 2427 distant,
768 2369 798 2419 ut
809 2363 916 2415 flamma
926 2364 1000 2427 mari,
1011 2363 1048 2414 sic
1060 2362 1124 2414 utile
1135 2367 1216 2416 recto.

597 2449 680 2506 Nulla
690 2447 758 2517 fides
768 2466 892 2523 umquam
902 2449 1011 2506 miseros
1023 2447 1105 2515 elegit
1115 2447 1222 2506 amicos.

493 2585 575 2646 Haec
594 2583 736 2665 profecto
759 2592 807 2646 est
828 2581 1000 2664 prudentia
1021 2582 1135 2658 carniS,
1150 2583 1292 2645 Domino
1314 2589 1440 2665 procul·

495 2683 595 2745 dubio
614 2683 756 2757 inimica,
778 2679 928 2755 mendax,
949 2680 1046 2762 plena
1067 2679 1275 2762 turpitudine,
1295 2684 1442 2747 vitiorum

494 2793 595 2844 mater
609 2790 642 2843 et
655 2781 773 2843 nutrix.
817 2781 862 2842 Et
882 2780 1033 2863 quoniam
1049 2801 1164 2863 parens
1179 2781 1274 2843 altrix
1290 2782 1441 2847 virtutum

494 2896 527 2948 et
541 2884 717 2946 officiorum
733 2882 925 2945 moderatrix
940 2881 1158 2964 philosophia,
1171 2903 1237 2944 non
1254 2883 1351 2946 modo
1365 2882 1444 2949 fide-

441 3048 444 3053 ,
493 2986 582 3059 lium,
599 2985 655 3048 sed
676 2985 769 3046 etiam
792 2982 957 3063 gentilium
974 2982 1144 3044 verissimis
1167 2994 1199 3046 et
1220 2975 1454 3050 eruditissimis

492 3083 668 3147 rationibus
694 3081 825 3145 damnat
849 3089 883 3143 et
912 3080 1093 3142 detestatur.
1146 3073 1329 3147 Praescdbit
1355 3086 1442 3148 enim

494 3185 646 3267 quoniam
671 3184 748 3245 utile
770 3192 803 3247 et
824 3182 993 3245 honesturn
1020 3202 1054 3244 se
1078 3182 1305 3264 praedicatione
1331 3195 1442 3250 mutua

493 3284 769 3361 circumscribunt,
784 3293 819 3346 ut
833 3284 913 3346 nihil
934 3282 1030 3345 unius
1051 3281 1195 3345 admittat
1208 3304 1337 3362 nomen,
1352 3287 1440 3374 quod

492 3407 557 3448 non
588 3395 621 3449 et
648 3386 780 3448 alterius
810 3384 919 3465 exigat
946 3383 1111 3445 rationem.
1171 3385 1247 3447 Hoc
1275 3386 1440 3472 utriusque

493 3486 675 3548 testamenti
697 3485 808 3548 astruit
828 3485 955 3567 pagina,
978 3481 1039 3546 boc
1066 3504 1209 3548 consona
1230 3507 1309 3549 voce
1331 3491 1441 3553 matris

492 3586 635 3649 ecclesiae
650 3584 798 3648 doctores
812 3580 1000 3667 praedicant,
1014 3582 1165 3665 quoniam
1182 3604 1254 3669 quae
1268 3584 1441 3652 inhonesta

491 3697 524 3750 et
544 3688 648 3769 turpia
669 3695 755 3761 sunt,
770 3684 976 3767 dispendium
997 3683 1127 3766 quidem
1148 3686 1258 3746 salutis
1280 3686 1439 3765 ingerunt,

493 3797 525 3849 et
538 3788 628 3849 nulla
642 3787 762 3848 ratione
777 3794 912 3867 possunt
927 3803 998 3846 esso
1017 3783 1117 3844 utilia.
1162 3781 1250 3853 Quid
1264 3784 1351 3846 enirn
1366 3806 1439 3867 pro·

492 3887 572 3949 derit
582 3886 716 3961 homini,
727 3885 755 3946 si
766 3883 920 3945 mundum
932 3884 1071 3944 lucretur
1081 3881 1271 3958 universum,
1282 3893 1315 3946 et
1325 3886 1449 3949 animae'

493 4007 558 4049 suae
583 3986 808 4049 detrimentum
834 3980 1023 4066 conquirat?
1061 3981 1126 4045 Sed
1151 3981 1193 4045 ad
1218 4003 1329 4046 rocem
1354 3986 1437 4051 hanc

491 4088 638 4165 vulgares
666 4086 762 4150 amici
791 4083 1036 4162 obsurdescunt,
1061 4082 1116 4166 qui
1140 4086 1250 4147 volunt
1274 4086 1440 4153 beneficiis

491 4185 634 4266 obligari,
649 4207 712 4248 non
735 4186 888 4268 obligare,
908 4183 962 4267 qui
983 4182 1079 4245 fidem
1098 4185 1297 4247 umbratilem
1317 4188 1438 4267 (veram
1499 4246 1502 4253 .

490 4284 576 4347 enim
597 4304 661 4345 non
681 4285 813 4363 habent)
831 4296 956 4368 ponunt
978 4293 1010 4347 et
1031 4283 1197 4367 deponunt
1215 4286 1256 4348 ad
1277 4289 1438 4354 arbitrium

489 4386 634 4462 fortunae,
648 4384 705 4465 qui
727 4394 763 4447 ut
783 4387 1056 4469 qualitercumque
1071 4387 1190 4465 vivant,
1204 4386 1342 4464 vivendi,
1367 4411 1438 4471 quae

489 4506 588 4567 penes
616 4485 716 4547 solam
741 4485 885 4547 virtutem
915 4498 1000 4563 sunt,
1022 4487 1183 4568 abjiciunt
1205 4509 1326 4552 causas.
1371 4491 1443 4552 Eua
