3875 5725
406 858 514 948 1166]
784 888 963 932 nrrsrours.
1291 875 1353 931 245

401 1134 621 1200 EPISTOLA
649 1137 854 1200 CLIV.-au
878 1155 1064 1200 nonnarum
1088 1156 1239 1200 Priorum
1263 1155 1350 1199 uun·

650 1256 841 1302 rouaussu.
890 1237 934 1318 [a.
944 1259 975 1303 n.
992 1241 1101 1320 llos]

633 1399 772 1462 Roberto
788 1399 903 1461 Priori
918 1399 1118 1461 Meretont'oe.

435 1534 514 1597 Um
544 1534 720 1597 humanum
746 1533 916 1596 consilium
943 1533 1066 1609 deficit,
1093 1556 1133 1595 ex
1160 1537 1350 1600 necessitate

401 1635 583 1716 confugitur
607 1634 648 1696 ad
673 1634 826 1708 divinum,
852 1632 951 1715 quod,
975 1643 1011 1693 ut
1033 1635 1160 1716 opinor,
1186 1638 1276 1700 nulla
1301 1639 1351 1702 ria

403 1735 528 1797 facilius
557 1746 613 1799 aut
641 1735 768 1798 felicius
797 1733 968 1809 obtinetur,
995 1755 1091 1816 quam
1117 1736 1143 1797 si
1169 1739 1264 1800 amici
1288 1741 1351 1802 Dei

401 1836 480 1899 illud
496 1839 645 1921 precibus
665 1839 815 1901 studeant
837 1837 993 1913 obtinere,
1016 1837 1103 1919 quod
1126 1840 1223 1925 culpa
1244 1855 1351 1924 patro-

401 1940 488 2002 cinio
518 1940 729 2022 indigentium
760 1939 949 2003 demeretur.
994 1938 1067 2020 Ego
1099 1942 1228 2023 quidem
1254 1947 1351 2011 exulo

402 2051 433 2102 et
447 2040 643 2125 proscriptus
659 2064 740 2119 sum,
754 2052 787 2103 et
808 2039 895 2124 quod
917 2039 960 2103 ad
978 2040 1154 2121 hominem,
1172 2045 1352 2112 alterutrius

403 2163 509 2225 poenae
517 2143 638 2227 justam
651 2165 780 2208 causam
791 2164 857 2205 non
868 2142 974 2216 video,
986 2141 1065 2206 licet
1076 2143 1163 2227 apud
1176 2147 1350 2213 Dominum

402 2264 453 2306 me
482 2244 644 2307 acerbiora
674 2245 823 2308 meruisse
854 2245 1003 2307 conscius
1034 2265 1116 2322 sum,
1144 2259 1176 2308 et
1209 2249 1352 2313 fortassis

402 2345 545 2428 peccatis
565 2347 647 2409 meis
669 2347 873 2428 exigentibus
893 2348 1013 2424 evenit,
1034 2361 1069 2410 ut
1091 2348 1141 2410 his
1163 2360 1195 2412 et
1216 2351 1352 2432 flagellis

402 2449 619 2513 acerbioribus
649 2451 751 2526 feriar,
780 2463 813 2513 et
843 2459 947 2513 tamen
978 2472 1108 2513 causam
1139 2454 1353 2533 percussionis

402 2553 554 2631 ignorem.
608 2554 660 2614 Eo
690 2564 796 2614 autem
827 2553 928 2632 magis
958 2553 1100 2614 timenda
1130 2566 1205 2616 sunt
1227 2555 1353 2638 judicis

402 2654 478 2728 Dei,
501 2675 565 2737 qno
588 2654 629 2714 de
649 2653 816 2716 occultiori
833 2653 960 2736 justitia
983 2664 1015 2715 et
1039 2656 1200 2717 secretiori
1227 2658 1349 2722 ratione

403 2753 600 2837 proveniunt.
646 2753 708 2814 Est
721 2764 825 2814 autem
842 2773 940 2835 poena
954 2752 1089 2835 duplex,
1105 2774 1203 2835 quum
1227 2766 1260 2817 et
1280 2757 1352 2838 ipsa

403 2856 545 2933 sentitur,
562 2867 594 2917 et
609 2876 706 2917 causa
721 2854 891 2935 ignoratur.
937 2851 973 2915 Si
989 2865 1094 2916 tamen
1117 2853 1236 2918 divinae
1258 2857 1352 2921 mise·

401 2958 534 3023 rationis
549 2968 608 3035 est,
622 2969 658 3019 ut
672 2979 723 3020 me
738 2977 796 3040 pro
811 2956 935 3040 justitia
950 2956 1017 3040 pati
1033 2956 1120 3032 velit,
1136 2958 1350 3038 gratissimum

403 3063 519 3141 habeo,
539 3073 644 3124 certus
671 3059 821 3143 quoniam
848 3061 894 3121 ita
916 3058 1037 3121 amicos
1063 3060 1157 3121 beare
1182 3062 1353 3138 censuerit,

403 3167 478 3250 quia
492 3185 550 3248 per
564 3162 680 3224 multas
695 3159 914 3231 tribulationes
926 3159 989 3222 itur
1004 3157 1045 3221 ad
1060 3179 1201 3241 reguum.
1236 3162 1353 3225 Fateor

403 3290 454 3332 me
479 3264 638 3329 Ecclesiae
664 3262 728 3325 Dei
753 3282 893 3325 servasse
917 3261 1027 3336 fidem,
1052 3273 1084 3325 et
1109 3263 1352 3347 archiepiscopo

402 3392 486 3448 meo,
501 3379 539 3432 ut
553 3364 704 3450 oportuit,
717 3364 856 3429 fideliter
866 3365 1037 3428 obedisse:
1061 3386 1122 3429 nec
1135 3387 1199 3443 me,
1210 3366 1351 3431 Domino

401 3482 542 3547 auctore,
557 3488 699 3551 unquam
715 3476 845 3530 servatae
862 3466 939 3529 fidei
955 3480 1010 3530 aut
1031 3467 1224 3531 obedientie
1246 3469 1351 3550 poeni-

401 3576 490 3640 tebit,
536 3574 637 3656 Spero
659 3583 766 3633 autem
793 3568 881 3653 quod
902 3579 936 3631 et
965 3571 1227 3654 archiepiscopus
1248 3581 1353 3635 vester

401 3689 487 3743 recto
502 3676 583 3740 calle
599 3673 728 3736 Patrum
745 3693 883 3755 sequens
898 3672 1031 3752 vestigia
1046 3692 1104 3754 per
1120 3673 1201 3734 viam
1217 3673 1349 3735 manda·

401 3795 503 3848 torum
520 3779 584 3841 Dei
599 3775 703 3860 pergit
717 3775 759 3836 ad
774 3776 878 3837 vitam.
926 3773 1023 3836 Unde
1034 3775 1218 3858 paternitati
1230 3787 1351 3854 restrae,

401 3895 434 3947 et
456 3880 604 3957 dominis,
627 3887 660 3941 et
679 3876 828 3939 fratribus
852 3876 973 3947 vestris,
997 3886 1119 3957 quanta
1141 3897 1271 3958 possum
1294 3877 1350 3940 de·

401 3986 540 4059 votione,
557 3980 716 4065 supplico,
729 3986 886 4061 quatenus
901 3998 1034 4057 agonem
1050 3988 1193 4039 nostrum
1210 3978 1351 4044 Domino

402 4086 550 4169 precibus
576 4079 817 4156 commendetis,
842 4093 878 4142 ut
900 4080 927 4141 si
949 4078 983 4140 iu
1005 4077 1092 4140 invio
1115 4100 1235 4153 sumus,
1259 4081 1351 4146 redu·

403 4205 512 4250 camur
541 4183 582 4244 ad
607 4185 702 4259 viam,
729 4183 755 4245 si
784 4183 818 4245 in
843 4181 905 4258 via,
932 4179 1019 4263 quod
1043 4180 1152 4263 utique
1179 4181 1351 4261 credimus,

403 4283 609 4372 proficiamus
633 4294 665 4346 et
689 4283 902 4367 perducamur
928 4284 970 4347 ad
998 4284 1103 4346 vitam.
1148 4283 1239 4346 Nihil
1263 4287 1350 4349 euim

403 4388 497 4452 nobis
513 4384 599 4448 aliud
615 4388 827 4449 necessarium
844 4397 902 4463 est,
917 4384 979 4449 nisi
1002 4397 1038 4449 ut
1060 4386 1203 4448 Domino
1226 4388 1352 4469 placeat

402 4512 502 4557 causa
516 4496 632 4551 nostra.
