3875 5725
573 891 634 950 146
821 902 957 948 solutus
972 900 1247 948 sannarunrausrs
1424 886 1473 960 [a.
1490 904 1524 946 n.

575 1055 707 1121 effectus
730 1067 839 1119 autem
867 1054 1027 1118 Dominus
1056 1053 1251 1141 procurabit.
1297 1053 1384 1131 Quid
1410 1052 1450 1116 dc
1477 1075 1527 1116 me

570 1157 685 1233 dicam,
699 1156 755 1243 qui
768 1169 857 1222 totus
870 1169 974 1221 vester
989 1178 1070 1235 sum,
1084 1166 1117 1219 et
1131 1155 1281 1219 illorum?

614 1261 664 1324 De
690 1272 806 1323 caetero
835 1257 1018 1322 liberalitati
1045 1271 1159 1322 vestrae
1188 1280 1247 1344 pro
1273 1257 1414 1343 epistolis
1439 1257 1524 1320 beati

573 1361 729 1425 Bernardi
751 1363 871 1442 gratias
893 1382 964 1443 ago,
989 1359 1129 1444 antiquis
1148 1358 1294 1422 insistens
1314 1359 1474 1445 precibus,
1494 1371 1529 1422 ut

571 1461 664 1527 flores
687 1462 854 1526 verborum
875 1463 945 1546 ejus
967 1484 1050 1546 quos
1072 1460 1258 1546 conquirere
1281 1461 1427 1547 poteritis
1450 1461 1528 1524 mihi

572 1561 740 1628 transcribi
762 1560 898 1638 faciatis,
922 1575 954 1625 et
985 1561 1011 1624 si
1034 1561 1114 1646 quid
1141 1561 1326 1647 hujusmodi
1355 1561 1442 1645 apud
1474 1583 1529 1626 vos

575 1678 721 1751 paratum
738 1676 796 1740 est,
811 1685 870 1748 per
886 1677 1009 1726 nostros
1024 1663 1154 1725 nuntios
1169 1663 1330 1728 afferatur.
1372 1666 1528 1727 Praeterea

574 1768 659 1834 beati
676 1765 796 1851 Aigulli
813 1765 889 1829 milti
902 1765 1035 1852 pignora
1050 1765 1248 1851 promisistis,
1262 1767 1312 1830 cui
1330 1767 1404 1830 satis
1419 1782 1528 1851 gratu·

574 1870 633 1935 lari
650 1891 711 1934 non
728 1889 877 1956 possum;
902 1867 956 1931 sed
968 1868 1042 1932 licet
1059 1867 1135 1931 mihi
1147 1872 1281 1932 sufficiat
1297 1869 1399 1953 gratia
1414 1885 1529 1946 vestra,

574 1994 698 2057 precor,
718 1971 742 2033 si
766 1970 834 2032 lieri
856 1982 972 2055 potest,
988 1982 1025 2033 ut
1049 1969 1090 2032 de
1112 1969 1255 2054 reliquiis
1269 1970 1372 2033 beatae
1394 1972 1529 2046 Savinae,

574 2072 735 2147 Memorii,
751 2073 778 2134 F
781 2070 951 2144 rodoberti,
969 2084 1000 2135 et
1017 2071 1162 2147 aliorum,
1178 2094 1315 2156 quorum
1332 2094 1413 2157 pane
1428 2074 1530 2137 nutri-

574 2191 629 2239 tus
654 2196 737 2249 sum,
763 2196 821 2259 per
846 2172 974 2237 eosdem
1001 2173 1080 2236 milri
1112 2173 1252 2237 mittatis.
1298 2175 1392 2251 Quod
1422 2189 1528 2239 autem

573 2271 758 2357 hujusmodi
788 2270 872 2335 mitti
906 2271 1074 2357 placuerit,
1102 2293 1197 2334 manu
1229 2285 1333 2334 vestra
1367 2273 1526 2357 signatum

572 2373 719 2438 tradatur
744 2371 874 2448 nuntiis,
897 2385 929 2436 et
951 2372 1132 2439 litterarum
1156 2387 1332 2438 vestrarum
1355 2398 1530 2461 prosequu-

574 2475 659 2540 tione
674 2475 731 2540 fiat
745 2474 976 2538 authenticum.

573 2779 796 2864 EPISTOLA
823 2778 1072 2842 XCVlIl.—sn
1087 2797 1269 2843 nauarcou
1286 2799 1389 2844 urrsc.
1405 2801 1530 2846 wutro-

852 2898 1005 2942 mansan
1024 2879 1069 2959 [A.
1086 2901 1117 2944 o.
1137 2883 1246 2963 tran]

782 3038 925 3101 Henrico
939 3042 1081 3124 episcopo
1101 3042 1321 3105 Wintoniansi.

618 3172 713 3248 Quor
738 3182 770 3233 et
800 3183 922 3255 quauta
951 3172 1035 3235 mala
1059 3172 1199 3238 ecclesiis
1227 3174 1347 3240 Christi
1377 3191 1525 3262 procuret

572 3272 709 3356 pastoris
723 3271 876 3346 absentia,
889 3272 946 3334 etsi
962 3286 1057 3337 antea
1078 3274 1169 3338 nobis
1184 3276 1297 3340 fuisset
1319 3278 1529 3363 incognitum,

572 3395 612 3436 cx
642 3372 709 3434 solo
733 3372 997 3456 peregrinationis
1026 3386 1147 3439 vestrae
1171 3376 1339 3460 dispendio
1364 3381 1528 3463 potuimus

571 3470 727 3535 didicisse.
773 3472 942 3534 Biennium
958 3473 1041 3535 euim
1058 3487 1105 3538 est
1121 3498 1161 3539 ex
1184 3498 1250 3561 quo
1265 3478 1366 3540 fames
1381 3479 1478 3563 coepit
1493 3479 1526 3542 in

571 3590 655 3637 terra
670 3583 785 3651 vestra,
800 3593 861 3635 non
887 3571 1036 3655 equidem
1059 3573 1159 3637 fames
1175 3573 1373 3652 victualium,
1389 3599 1526 3662 quorum

571 3672 715 3738 satietate
727 3694 746 3734 a
757 3675 847 3735 cultu
862 3671 991 3735 Domini
1004 3675 1170 3751 avertitur,
1183 3689 1214 3739 et
1227 3679 1416 3762 plerumque
1429 3681 1527 3743 recal-

571 3774 666 3841 citrat
678 3772 816 3862 populus
832 3776 1037 3851 incrassatus,
1048 3776 1281 3864 impinguatus,
1296 3779 1459 3856 dilatatus,
1471 3782 1526 3846 sed

569 3878 670 3943 fames
693 3876 846 3942 audiendi
869 3875 1003 3940 verbum
1028 3878 1171 3943 Domini.
1216 3880 1344 3944 Parvuli
1368 3883 1525 3967 siquidem

569 3979 731 4065 petierunt
744 4000 870 4064 panem,
882 3990 913 4042 et
929 4001 990 4041 non
1002 3992 1069 4042 erat
1081 3982 1138 4065 qui
1149 3981 1309 4065 frangeret
1321 3983 1376 4047 eis.
1403 3984 1435 4046 Si
1449 4007 1526 4068 ergo

567 4079 608 4143 ad
619 4079 757 4164 aliquem
771 4079 944 4142 vicinorum
958 4080 1041 4143 solos
1052 4082 1207 4166 evangelii
1218 4095 1281 4146 tres
1293 4105 1400 4168 panes,
1415 4084 1523 4150 domui

567 4194 681 4244 vestrae
710 4180 892 4244 mutuaturi
924 4180 1115 4260 accedimus,
1145 4183 1337 4248 creditorum
1372 4186 1526 4251 continuo

568 4279 758 4346 sustinemus
786 4277 1003 4358 difficultates
1032 4303 1069 4342 ea
1098 4304 1130 4344 se
1160 4283 1252 4368 copia
1281 4286 1526 4350 excusationum

566 4379 710 4468 opponit,
733 4390 769 4441 ut
791 4377 863 4442 liliis
885 4378 1125 4464 quiescentibus
1147 4382 1178 4445 in
1201 4385 1310 4462 cubili,
1334 4386 1375 4450 ad
1404 4390 1527 4473 impor,

567 4485 735 4553 tunitatem
758 4494 897 4548 nostram
919 4483 974 4548 vix
995 4497 1105 4570 surgat
1127 4486 1255 4584 aliquis,
1270 4504 1302 4555 et
1326 4491 1447 4578 aperiat
1470 4493 1521 4555 vel
