<?xml version="1.0" encoding="UTF-8"?>
<!DOCTYPE html PUBLIC "-//W3C//DTD XHTML 1.0 Transitional//EN"
    "http://www.w3.org/TR/xhtml1/DTD/xhtml1-transitional.dtd">
<html xmlns="http://www.w3.org/1999/xhtml" xml:lang="en" lang="en">
 <head>
  <title>
</title>
<meta http-equiv="Content-Type" content="text/html;charset=utf-8" />
  <meta name='ocr-system' content='tesseract 3.04.00' />
  <meta name='ocr-capabilities' content='ocr_page ocr_carea ocr_par ocr_line ocrx_word'/>
</head>
<body>
  <div class='ocr_page' id='page_1' title='image "./joannissaresber01johngoog_0098.png"; bbox 0 0 3875 5725; ppageno 0'>
   <div class='ocr_carea' id='block_1_1' title="bbox 578 830 1532 908">
    <p class='ocr_par' dir='ltr' id='par_1_1' title="bbox 578 830 1532 908">
     <span class='ocr_line' id='line_1_1' title="bbox 578 830 1532 908; baseline -0.012 -7"><span class='ocrx_word' id='word_1_1' title='bbox 578 842 619 901; x_wconf 85' lang='grc'>80</span> <span class='ocrx_word' id='word_1_2' title='bbox 832 848 968 897; x_wconf 75' lang='lat' dir='ltr'>somnus</span> <span class='ocrx_word' id='word_1_3' title='bbox 984 848 1264 894; x_wconf 77' lang='lat' dir='ltr'>sanssunarausn</span> <span class='ocrx_word' id='word_1_4' title='bbox 1438 830 1482 908; x_wconf 80' lang='lat' dir='ltr'>[a.</span> <span class='ocrx_word' id='word_1_5' title='bbox 1501 849 1532 893; x_wconf 90' lang='lat' dir='ltr'>n.</span> 
     </span>
    </p>
   </div>
   <div class='ocr_carea' id='block_1_2' title="bbox 577 997 1536 1593">
    <p class='ocr_par' dir='ltr' id='par_1_2' title="bbox 577 997 1536 1593">
     <span class='ocr_line' id='line_1_2' title="bbox 580 997 1536 1086; baseline -0.006 -18"><span class='ocrx_word' id='word_1_6' title='bbox 580 1027 662 1082; x_wconf 87' lang='lat' dir='ltr'>rum,</span> <span class='ocrx_word' id='word_1_7' title='bbox 676 1016 708 1068; x_wconf 91' lang='lat' dir='ltr'>et</span> <span class='ocrx_word' id='word_1_8' title='bbox 724 1001 863 1067; x_wconf 91' lang='lat' dir='ltr'>omnium</span> <span class='ocrx_word' id='word_1_9' title='bbox 885 1000 1064 1086; x_wconf 85' lang='lat' dir='ltr'>exploravit</span> <span class='ocrx_word' id='word_1_10' title='bbox 1087 997 1261 1062; x_wconf 89' lang='lat' dir='ltr'>nobiscum.</span> <span class='ocrx_word' id='word_1_11' title='bbox 1296 997 1341 1059; x_wconf 87' lang='lat' dir='ltr'>Et</span> <span class='ocrx_word' id='word_1_12' title='bbox 1362 1020 1436 1082; x_wconf 89' lang='lat' dir='ltr'>quae</span> <span class='ocrx_word' id='word_1_13' title='bbox 1456 999 1536 1062; x_wconf 89' lang='lat' dir='ltr'>acci-</span> 
     </span>
     <span class='ocr_line' id='line_1_3' title="bbox 579 1098 1536 1190; baseline -0.013 -22"><span class='ocrx_word' id='word_1_14' title='bbox 579 1105 674 1190; x_wconf 89' lang='lat' dir='ltr'>pietis</span> <span class='ocrx_word' id='word_1_15' title='bbox 688 1106 729 1169; x_wconf 89' lang='lat' dir='ltr'>ab</span> <span class='ocrx_word' id='word_1_16' title='bbox 752 1128 800 1180; x_wconf 88' lang='lat' dir='ltr'>eo,</span> <span class='ocrx_word' id='word_1_17' title='bbox 815 1103 855 1166; x_wconf 91' lang='lat' dir='ltr'>de</span> <span class='ocrx_word' id='word_1_18' title='bbox 877 1115 986 1165; x_wconf 90' lang='lat' dir='ltr'>nostro</span> <span class='ocrx_word' id='word_1_19' title='bbox 1007 1112 1134 1186; x_wconf 85' lang='lat' dir='ltr'>pectore</span> <span class='ocrx_word' id='word_1_20' title='bbox 1151 1098 1337 1183; x_wconf 83' lang='lat' dir='ltr'>processisse</span> <span class='ocrx_word' id='word_1_21' title='bbox 1358 1119 1420 1160; x_wconf 89' lang='lat' dir='ltr'>non</span> <span class='ocrx_word' id='word_1_22' title='bbox 1442 1099 1536 1164; x_wconf 92' lang='lat' dir='ltr'>dubi.</span> 
     </span>
     <span class='ocr_line' id='line_1_4' title="bbox 579 1201 1533 1283; baseline -0.006 -12"><span class='ocrx_word' id='word_1_23' title='bbox 579 1208 663 1271; x_wconf 90' lang='lat' dir='ltr'>tetis.</span> <span class='ocrx_word' id='word_1_24' title='bbox 689 1208 756 1270; x_wconf 88' lang='lat' dir='ltr'>Eos</span> <span class='ocrx_word' id='word_1_25' title='bbox 772 1205 861 1269; x_wconf 91' lang='lat' dir='ltr'>vobis</span> <span class='ocrx_word' id='word_1_26' title='bbox 876 1201 1144 1273; x_wconf 84' lang='lat' dir='ltr'>commendamus,</span> <span class='ocrx_word' id='word_1_27' title='bbox 1157 1211 1305 1283; x_wconf 86' lang='lat' dir='ltr'>rogantes</span> <span class='ocrx_word' id='word_1_28' title='bbox 1321 1201 1485 1281; x_wconf 87' lang='lat' dir='ltr'>attentius,</span> <span class='ocrx_word' id='word_1_29' title='bbox 1497 1215 1533 1266; x_wconf 93' lang='lat' dir='ltr'>ut</span> 
     </span>
     <span class='ocr_line' id='line_1_5' title="bbox 577 1300 1532 1394; baseline -0.004 -23"><span class='ocrx_word' id='word_1_30' title='bbox 577 1328 728 1394; x_wconf 83' lang='lat' dir='ltr'>personas</span> <span class='ocrx_word' id='word_1_31' title='bbox 747 1329 868 1385; x_wconf 85' lang='lat' dir='ltr'>eorum,</span> <span class='ocrx_word' id='word_1_32' title='bbox 889 1305 916 1368; x_wconf 94' lang='lat' dir='ltr'>si</span> <span class='ocrx_word' id='word_1_33' title='bbox 937 1303 1052 1390; x_wconf 90' lang='lat' dir='ltr'>placet,</span> <span class='ocrx_word' id='word_1_34' title='bbox 1074 1300 1308 1367; x_wconf 89' lang='lat' dir='ltr'>commendatas</span> <span class='ocrx_word' id='word_1_35' title='bbox 1328 1301 1481 1377; x_wconf 88' lang='lat' dir='ltr'>habeatis,</span> <span class='ocrx_word' id='word_1_36' title='bbox 1501 1315 1532 1367; x_wconf 86' lang='lat' dir='ltr'>et</span> 
     </span>
     <span class='ocr_line' id='line_1_6' title="bbox 577 1402 1533 1494; baseline -0.004 -24"><span class='ocrx_word' id='word_1_37' title='bbox 577 1420 709 1486; x_wconf 89' lang='lat' dir='ltr'>nostras,</span> <span class='ocrx_word' id='word_1_38' title='bbox 729 1431 804 1494; x_wconf 86' lang='lat' dir='ltr'>quoe</span> <span class='ocrx_word' id='word_1_39' title='bbox 823 1408 855 1471; x_wconf 91' lang='lat' dir='ltr'>in</span> <span class='ocrx_word' id='word_1_40' title='bbox 877 1404 1023 1471; x_wconf 91' lang='lat' dir='ltr'>manibus</span> <span class='ocrx_word' id='word_1_41' title='bbox 1044 1416 1118 1468; x_wconf 90' lang='lat' dir='ltr'>sunt</span> <span class='ocrx_word' id='word_1_42' title='bbox 1137 1423 1257 1480; x_wconf 90' lang='lat' dir='ltr'>eorum,</span> <span class='ocrx_word' id='word_1_43' title='bbox 1278 1402 1457 1488; x_wconf 85' lang='lat' dir='ltr'>petitiones,</span> <span class='ocrx_word' id='word_1_44' title='bbox 1479 1404 1533 1467; x_wconf 89' lang='lat' dir='ltr'>be-</span> 
     </span>
     <span class='ocr_line' id='line_1_7' title="bbox 577 1507 874 1593; baseline 0.003 -22"><span class='ocrx_word' id='word_1_45' title='bbox 577 1509 672 1593; x_wconf 86' lang='lat' dir='ltr'>nigne</span> <span class='ocrx_word' id='word_1_46' title='bbox 687 1507 874 1574; x_wconf 85' lang='lat' dir='ltr'>admittatis.</span> 
     </span>
    </p>
   </div>
   <div class='ocr_carea' id='block_1_3' title="bbox 721 1727 1379 1798">
    <p class='ocr_par' dir='ltr' id='par_1_3' title="bbox 721 1727 1379 1798">
     <span class='ocr_line' id='line_1_8' title="bbox 721 1727 1379 1798; baseline -0.012 0"><span class='ocrx_word' id='word_1_47' title='bbox 721 1731 949 1798; x_wconf 86' lang='lat' dir='ltr'>EPlSTOLA</span> <span class='ocrx_word' id='word_1_48' title='bbox 975 1727 1212 1792; x_wconf 53' lang='lat' dir='ltr'>milve-in</span> <span class='ocrx_word' id='word_1_49' title='bbox 1227 1746 1379 1791; x_wconf 77' lang='lat' dir='ltr'>ananan.</span> 
     </span>
    </p>
   </div>
   <div class='ocr_carea' id='block_1_4' title="bbox 569 1861 1625 3978">
    <p class='ocr_par' dir='ltr' id='par_1_4' title="bbox 569 1861 1625 3978">
     <span class='ocr_line' id='line_1_9' title="bbox 619 1861 1528 1952; baseline -0.009 -21"><span class='ocrx_word' id='word_1_50' title='bbox 619 1870 726 1933; x_wconf 73' lang='lat' dir='ltr'>Alton</span> <span class='ocrx_word' id='word_1_51' title='bbox 741 1867 890 1931; x_wconf 86' lang='lat' dir='ltr'>fiduciam</span> <span class='ocrx_word' id='word_1_52' title='bbox 906 1867 1001 1952; x_wconf 89' lang='lat' dir='ltr'>parit,</span> <span class='ocrx_word' id='word_1_53' title='bbox 1018 1877 1049 1929; x_wconf 88' lang='lat' dir='ltr'>et</span> <span class='ocrx_word' id='word_1_54' title='bbox 1072 1863 1159 1949; x_wconf 89' lang='lat' dir='ltr'>apud</span> <span class='ocrx_word' id='word_1_55' title='bbox 1174 1883 1246 1925; x_wconf 93' lang='lat' dir='ltr'>eum</span> <span class='ocrx_word' id='word_1_56' title='bbox 1269 1884 1364 1946; x_wconf 89' lang='lat' dir='ltr'>quem</span> <span class='ocrx_word' id='word_1_57' title='bbox 1381 1861 1528 1925; x_wconf 89' lang='lat' dir='ltr'>ardenter</span> 
     </span>
     <span class='ocr_line' id='line_1_10' title="bbox 575 1959 1562 2051; baseline -0.009 -17"><span class='ocrx_word' id='word_1_58' title='bbox 575 1983 673 2047; x_wconf 88' lang='lat' dir='ltr'>amat,</span> <span class='ocrx_word' id='word_1_59' title='bbox 688 1969 865 2033; x_wconf 84' lang='lat' dir='ltr'>fiducialius</span> <span class='ocrx_word' id='word_1_60' title='bbox 886 1988 979 2051; x_wconf 88' lang='lat' dir='ltr'>agere</span> <span class='ocrx_word' id='word_1_61' title='bbox 995 1969 1167 2029; x_wconf 88' lang='lat' dir='ltr'>consuevit.</span> <span class='ocrx_word' id='word_1_62' title='bbox 1198 1966 1270 2041; x_wconf 84' lang='lat' dir='ltr'>Quo</span> <span class='ocrx_word' id='word_1_63' title='bbox 1285 1977 1392 2026; x_wconf 89' lang='lat' dir='ltr'>autem</span> <span class='ocrx_word' id='word_1_64' title='bbox 1412 1963 1527 2026; x_wconf 84' lang='lat' dir='ltr'>affectu</span> <span class='ocrx_word' id='word_1_65' title='bbox 1559 1959 1562 1964; x_wconf 72' lang='grc'><strong>’</strong></span> 
     </span>
     <span class='ocr_line' id='line_1_11' title="bbox 574 2065 1526 2155; baseline -0.004 -20"><span class='ocrx_word' id='word_1_66' title='bbox 574 2094 631 2135; x_wconf 88' lang='lat' dir='ltr'>vos</span> <span class='ocrx_word' id='word_1_67' title='bbox 642 2093 765 2155; x_wconf 82' lang='lat' dir='ltr'>semper</span> <span class='ocrx_word' id='word_1_68' title='bbox 774 2072 955 2144; x_wconf 87' lang='lat' dir='ltr'>amaverim,</span> <span class='ocrx_word' id='word_1_69' title='bbox 966 2067 1114 2151; x_wconf 90' lang='lat' dir='ltr'>operibus</span> <span class='ocrx_word' id='word_1_70' title='bbox 1125 2089 1221 2153; x_wconf 87' lang='lat' dir='ltr'>quam</span> <span class='ocrx_word' id='word_1_71' title='bbox 1235 2065 1339 2130; x_wconf 89' lang='lat' dir='ltr'>verbis</span> <span class='ocrx_word' id='word_1_72' title='bbox 1350 2066 1526 2140; x_wconf 84' lang='lat' dir='ltr'>ostendere,</span> 
     </span>
     <span class='ocr_line' id='line_1_12' title="bbox 575 2167 1625 2258; baseline -0.005 -23"><span class='ocrx_word' id='word_1_73' title='bbox 575 2194 697 2258; x_wconf 88' lang='lat' dir='ltr'>semper</span> <span class='ocrx_word' id='word_1_74' title='bbox 713 2171 875 2233; x_wconf 87' lang='lat' dir='ltr'>honestius</span> <span class='ocrx_word' id='word_1_75' title='bbox 890 2181 921 2233; x_wconf 91' lang='lat' dir='ltr'>et</span> <span class='ocrx_word' id='word_1_76' title='bbox 934 2168 1044 2232; x_wconf 90' lang='lat' dir='ltr'>utilius</span> <span class='ocrx_word' id='word_1_77' title='bbox 1059 2167 1219 2253; x_wconf 87' lang='lat' dir='ltr'>reputavi,</span> <span class='ocrx_word' id='word_1_78' title='bbox 1231 2191 1332 2252; x_wconf 91' lang='lat' dir='ltr'>quum</span> <span class='ocrx_word' id='word_1_79' title='bbox 1349 2180 1454 2231; x_wconf 89' lang='lat' dir='ltr'>tamen</span> <span class='ocrx_word' id='word_1_80' title='bbox 1467 2191 1526 2252; x_wconf 91' lang='lat' dir='ltr'>pro</span> <span class='ocrx_word' id='word_1_81' title='bbox 1623 2182 1625 2185; x_wconf 82' lang='lat'>&#39;</span> 
     </span>
     <span class='ocr_line' id='line_1_13' title="bbox 573 2269 1528 2357; baseline -0.001 -21"><span class='ocrx_word' id='word_1_82' title='bbox 573 2284 646 2336; x_wconf 86' lang='lat' dir='ltr'>voto</span> <span class='ocrx_word' id='word_1_83' title='bbox 658 2294 831 2357; x_wconf 87' lang='lat' dir='ltr'>numquam</span> <span class='ocrx_word' id='word_1_84' title='bbox 847 2271 996 2334; x_wconf 87' lang='lat' dir='ltr'>affectum</span> <span class='ocrx_word' id='word_1_85' title='bbox 1008 2269 1139 2355; x_wconf 91' lang='lat' dir='ltr'>implere</span> <span class='ocrx_word' id='word_1_86' title='bbox 1154 2270 1321 2355; x_wconf 87' lang='lat' dir='ltr'>potuerim.</span> <span class='ocrx_word' id='word_1_87' title='bbox 1346 2270 1410 2346; x_wconf 80' lang='lat' dir='ltr'>Qui</span> <span class='ocrx_word' id='word_1_88' title='bbox 1421 2272 1528 2335; x_wconf 90' lang='lat' dir='ltr'>omnia</span> 
     </span>
     <span class='ocr_line' id='line_1_14' title="bbox 573 2370 1528 2457; baseline -0.001 -22"><span class='ocrx_word' id='word_1_89' title='bbox 573 2374 661 2436; x_wconf 89' lang='lat' dir='ltr'>novit</span> <span class='ocrx_word' id='word_1_90' title='bbox 683 2371 761 2436; x_wconf 83' lang='lat' dir='ltr'>milii</span> <span class='ocrx_word' id='word_1_91' title='bbox 784 2371 926 2436; x_wconf 90' lang='lat' dir='ltr'>conscius</span> <span class='ocrx_word' id='word_1_92' title='bbox 947 2382 1006 2450; x_wconf 85' lang='lat' dir='ltr'>est,</span> <span class='ocrx_word' id='word_1_93' title='bbox 1026 2372 1113 2456; x_wconf 94' lang='lat' dir='ltr'>qnod</span> <span class='ocrx_word' id='word_1_94' title='bbox 1134 2370 1272 2446; x_wconf 90' lang='lat' dir='ltr'>devotio,</span> <span class='ocrx_word' id='word_1_95' title='bbox 1296 2394 1391 2457; x_wconf 91' lang='lat' dir='ltr'>quam</span> <span class='ocrx_word' id='word_1_96' title='bbox 1415 2372 1448 2434; x_wconf 91' lang='lat' dir='ltr'>in</span> <span class='ocrx_word' id='word_1_97' title='bbox 1473 2396 1528 2434; x_wconf 89' lang='lat' dir='ltr'>vos</span> 
     </span>
     <span class='ocr_line' id='line_1_15' title="bbox 571 2471 1527 2558; baseline 0 -22"><span class='ocrx_word' id='word_1_98' title='bbox 571 2473 681 2550; x_wconf 90' lang='lat' dir='ltr'>habui,</span> <span class='ocrx_word' id='word_1_99' title='bbox 698 2473 779 2536; x_wconf 91' lang='lat' dir='ltr'>vires</span> <span class='ocrx_word' id='word_1_100' title='bbox 793 2495 878 2536; x_wconf 91' lang='lat' dir='ltr'>meas</span> <span class='ocrx_word' id='word_1_101' title='bbox 893 2494 1017 2558; x_wconf 85' lang='lat' dir='ltr'>semper</span> <span class='ocrx_word' id='word_1_102' title='bbox 1033 2471 1176 2536; x_wconf 89' lang='lat' dir='ltr'>excessit.</span> <span class='ocrx_word' id='word_1_103' title='bbox 1202 2473 1301 2558; x_wconf 89' lang='lat' dir='ltr'>Spero</span> <span class='ocrx_word' id='word_1_104' title='bbox 1315 2472 1423 2556; x_wconf 91' lang='lat' dir='ltr'>itaque</span> <span class='ocrx_word' id='word_1_105' title='bbox 1438 2474 1527 2558; x_wconf 93' lang='lat' dir='ltr'>quod</span> 
     </span>
     <span class='ocr_line' id='line_1_16' title="bbox 574 2573 1525 2660; baseline -0.002 -20"><span class='ocrx_word' id='word_1_106' title='bbox 574 2591 607 2640; x_wconf 87' lang='lat' dir='ltr'>et</span> <span class='ocrx_word' id='word_1_107' title='bbox 622 2576 769 2660; x_wconf 87' lang='lat' dir='ltr'>majestas</span> <span class='ocrx_word' id='word_1_108' title='bbox 792 2587 894 2638; x_wconf 89' lang='lat' dir='ltr'>vestra</span> <span class='ocrx_word' id='word_1_109' title='bbox 907 2575 940 2638; x_wconf 92' lang='lat' dir='ltr'>in</span> <span class='ocrx_word' id='word_1_110' title='bbox 964 2573 1077 2638; x_wconf 84' lang='lat' dir='ltr'>affectu</span> <span class='ocrx_word' id='word_1_111' title='bbox 1098 2573 1275 2638; x_wconf 90' lang='lat' dir='ltr'>dulcedinis</span> <span class='ocrx_word' id='word_1_112' title='bbox 1296 2575 1525 2638; x_wconf 84' lang='lat' dir='ltr'>condescendet</span> 
     </span>
     <span class='ocr_line' id='line_1_17' title="bbox 576 2675 1529 2762; baseline 0 -22"><span class='ocrx_word' id='word_1_113' title='bbox 576 2675 666 2752; x_wconf 89' lang='lat' dir='ltr'>mihi,</span> <span class='ocrx_word' id='word_1_114' title='bbox 685 2689 715 2740; x_wconf 92' lang='lat' dir='ltr'>et</span> <span class='ocrx_word' id='word_1_115' title='bbox 739 2675 881 2762; x_wconf 88' lang='lat' dir='ltr'>parvulis</span> <span class='ocrx_word' id='word_1_116' title='bbox 903 2676 989 2740; x_wconf 90' lang='lat' dir='ltr'>meis.</span> <span class='ocrx_word' id='word_1_117' title='bbox 1035 2679 1079 2739; x_wconf 92' lang='lat' dir='ltr'>Et</span> <span class='ocrx_word' id='word_1_118' title='bbox 1102 2675 1233 2760; x_wconf 92' lang='lat' dir='ltr'>quidem</span> <span class='ocrx_word' id='word_1_119' title='bbox 1255 2698 1363 2738; x_wconf 89' lang='lat' dir='ltr'>omnes</span> <span class='ocrx_word' id='word_1_120' title='bbox 1384 2678 1529 2740; x_wconf 88' lang='lat' dir='ltr'>alumnos</span> 
     </span>
     <span class='ocr_line' id='line_1_18' title="bbox 573 2777 1527 2867; baseline -0.001 -23"><span class='ocrx_word' id='word_1_121' title='bbox 573 2801 660 2844; x_wconf 92' lang='lat' dir='ltr'>meos</span> <span class='ocrx_word' id='word_1_122' title='bbox 681 2802 732 2842; x_wconf 92' lang='lat' dir='ltr'>me</span> <span class='ocrx_word' id='word_1_123' title='bbox 751 2778 873 2867; x_wconf 86' lang='lat' dir='ltr'>pridem</span> <span class='ocrx_word' id='word_1_124' title='bbox 891 2778 981 2842; x_wconf 87' lang='lat' dir='ltr'>vobis</span> <span class='ocrx_word' id='word_1_125' title='bbox 997 2777 1124 2841; x_wconf 90' lang='lat' dir='ltr'>memini</span> <span class='ocrx_word' id='word_1_126' title='bbox 1147 2777 1391 2842; x_wconf 77' lang='lat' dir='ltr'>commendasse,</span> <span class='ocrx_word' id='word_1_127' title='bbox 1430 2784 1527 2843; x_wconf 88' lang='lat' dir='ltr'>Nunc</span> 
     </span>
     <span class='ocr_line' id='line_1_19' title="bbox 573 2879 1528 2967; baseline -0.001 -20"><span class='ocrx_word' id='word_1_128' title='bbox 573 2895 682 2947; x_wconf 88' lang='lat' dir='ltr'>autem</span> <span class='ocrx_word' id='word_1_129' title='bbox 697 2906 770 2946; x_wconf 92' lang='lat' dir='ltr'>eum</span> <span class='ocrx_word' id='word_1_130' title='bbox 794 2880 883 2945; x_wconf 90' lang='lat' dir='ltr'>vobis</span> <span class='ocrx_word' id='word_1_131' title='bbox 898 2879 1084 2945; x_wconf 86' lang='lat' dir='ltr'>commendo</span> <span class='ocrx_word' id='word_1_132' title='bbox 1105 2902 1174 2967; x_wconf 90' lang='lat' dir='ltr'>prae</span> <span class='ocrx_word' id='word_1_133' title='bbox 1192 2880 1324 2956; x_wconf 86' lang='lat' dir='ltr'>caeteris,</span> <span class='ocrx_word' id='word_1_134' title='bbox 1346 2882 1449 2966; x_wconf 90' lang='lat' dir='ltr'>quiin</span> <span class='ocrx_word' id='word_1_135' title='bbox 1473 2883 1528 2945; x_wconf 64' lang='lat' dir='ltr'>on</span> 
     </span>
     <span class='ocr_line' id='line_1_20' title="bbox 573 2982 1524 3070; baseline -0.002 -23"><span class='ocrx_word' id='word_1_136' title='bbox 573 2984 684 3070; x_wconf 90' lang='lat' dir='ltr'>sequio</span> <span class='ocrx_word' id='word_1_137' title='bbox 699 3008 769 3048; x_wconf 93' lang='lat' dir='ltr'>meo</span> <span class='ocrx_word' id='word_1_138' title='bbox 781 3007 848 3070; x_wconf 79' lang='lat' dir='ltr'>prae</span> <span class='ocrx_word' id='word_1_139' title='bbox 864 2986 988 3047; x_wconf 89' lang='lat' dir='ltr'>caeteris</span> <span class='ocrx_word' id='word_1_140' title='bbox 999 2983 1167 3063; x_wconf 88' lang='lat' dir='ltr'>laboravit,</span> <span class='ocrx_word' id='word_1_141' title='bbox 1181 2995 1213 3047; x_wconf 91' lang='lat' dir='ltr'>et</span> <span class='ocrx_word' id='word_1_142' title='bbox 1229 2982 1392 3046; x_wconf 90' lang='lat' dir='ltr'>minimum</span> <span class='ocrx_word' id='word_1_143' title='bbox 1405 2983 1524 3066; x_wconf 89' lang='lat' dir='ltr'>accepit</span> 
     </span>
     <span class='ocr_line' id='line_1_21' title="bbox 571 3085 1524 3169; baseline -0.001 -20"><span class='ocrx_word' id='word_1_144' title='bbox 571 3085 612 3149; x_wconf 93' lang='lat' dir='ltr'>de</span> <span class='ocrx_word' id='word_1_145' title='bbox 634 3108 730 3150; x_wconf 90' lang='lat' dir='ltr'>manu</span> <span class='ocrx_word' id='word_1_146' title='bbox 752 3109 831 3159; x_wconf 90' lang='lat' dir='ltr'>mea,</span> <span class='ocrx_word' id='word_1_147' title='bbox 855 3107 957 3169; x_wconf 88' lang='lat' dir='ltr'>quum</span> <span class='ocrx_word' id='word_1_148' title='bbox 980 3086 1158 3149; x_wconf 86' lang='lat' dir='ltr'>sinceritate</span> <span class='ocrx_word' id='word_1_149' title='bbox 1181 3085 1254 3149; x_wconf 87' lang='lat' dir='ltr'>fidei</span> <span class='ocrx_word' id='word_1_150' title='bbox 1277 3098 1309 3150; x_wconf 91' lang='lat' dir='ltr'>et</span> <span class='ocrx_word' id='word_1_151' title='bbox 1331 3085 1524 3149; x_wconf 89' lang='lat' dir='ltr'>exhibitione</span> 
     </span>
     <span class='ocr_line' id='line_1_22' title="bbox 570 3186 1524 3274; baseline 0 -23"><span class='ocrx_word' id='word_1_152' title='bbox 570 3190 675 3274; x_wconf 90' lang='lat' dir='ltr'>operis</span> <span class='ocrx_word' id='word_1_153' title='bbox 690 3188 840 3251; x_wconf 90' lang='lat' dir='ltr'>meruerit</span> <span class='ocrx_word' id='word_1_154' title='bbox 856 3186 1043 3269; x_wconf 90' lang='lat' dir='ltr'>plurimum.</span> <span class='ocrx_word' id='word_1_155' title='bbox 1074 3187 1126 3250; x_wconf 89' lang='lat' dir='ltr'>Ad</span> <span class='ocrx_word' id='word_1_156' title='bbox 1141 3188 1238 3272; x_wconf 92' lang='lat' dir='ltr'>pedes</span> <span class='ocrx_word' id='word_1_157' title='bbox 1260 3212 1337 3273; x_wconf 88' lang='lat' dir='ltr'>ergo</span> <span class='ocrx_word' id='word_1_158' title='bbox 1351 3189 1524 3253; x_wconf 89' lang='lat' dir='ltr'>clementiae</span> 
     </span>
     <span class='ocr_line' id='line_1_23' title="bbox 573 3288 1525 3373; baseline 0.002 -24"><span class='ocrx_word' id='word_1_159' title='bbox 573 3299 686 3350; x_wconf 85' lang='lat' dir='ltr'>vestrae</span> <span class='ocrx_word' id='word_1_160' title='bbox 709 3290 890 3372; x_wconf 87' lang='lat' dir='ltr'>provolvor,</span> <span class='ocrx_word' id='word_1_161' title='bbox 914 3298 1033 3367; x_wconf 90' lang='lat' dir='ltr'>quanta</span> <span class='ocrx_word' id='word_1_162' title='bbox 1058 3309 1186 3371; x_wconf 90' lang='lat' dir='ltr'>possum</span> <span class='ocrx_word' id='word_1_163' title='bbox 1214 3288 1381 3351; x_wconf 89' lang='lat' dir='ltr'>devotione</span> <span class='ocrx_word' id='word_1_164' title='bbox 1405 3290 1525 3373; x_wconf 89' lang='lat' dir='ltr'>suppli-</span> 
     </span>
     <span class='ocr_line' id='line_1_24' title="bbox 571 3385 1521 3474; baseline 0 -23"><span class='ocrx_word' id='word_1_165' title='bbox 571 3409 655 3462; x_wconf 90' lang='lat' dir='ltr'>cans,</span> <span class='ocrx_word' id='word_1_166' title='bbox 672 3399 708 3452; x_wconf 91' lang='lat' dir='ltr'>ut</span> <span class='ocrx_word' id='word_1_167' title='bbox 730 3409 802 3450; x_wconf 90' lang='lat' dir='ltr'>eum</span> <span class='ocrx_word' id='word_1_168' title='bbox 825 3385 1079 3451; x_wconf 90' lang='lat' dir='ltr'>commendatum</span> <span class='ocrx_word' id='word_1_169' title='bbox 1101 3388 1254 3464; x_wconf 89' lang='lat' dir='ltr'>habeatis,</span> <span class='ocrx_word' id='word_1_170' title='bbox 1271 3388 1394 3474; x_wconf 90' lang='lat' dir='ltr'>ipsique</span> <span class='ocrx_word' id='word_1_171' title='bbox 1417 3412 1521 3451; x_wconf 90' lang='lat' dir='ltr'>meum</span> 
     </span>
     <span class='ocr_line' id='line_1_25' title="bbox 570 3487 1522 3574; baseline -0.001 -23"><span class='ocrx_word' id='word_1_172' title='bbox 570 3488 731 3551; x_wconf 88' lang='lat' dir='ltr'>defectum</span> <span class='ocrx_word' id='word_1_173' title='bbox 754 3487 901 3574; x_wconf 87' lang='lat' dir='ltr'>suppleat</span> <span class='ocrx_word' id='word_1_174' title='bbox 923 3488 1131 3572; x_wconf 83' lang='lat' dir='ltr'>benignitatis</span> <span class='ocrx_word' id='word_1_175' title='bbox 1155 3502 1271 3563; x_wconf 87' lang='lat' dir='ltr'>vestra,</span> <span class='ocrx_word' id='word_1_176' title='bbox 1294 3501 1326 3551; x_wconf 91' lang='lat' dir='ltr'>et</span> <span class='ocrx_word' id='word_1_177' title='bbox 1348 3511 1449 3572; x_wconf 91' lang='lat' dir='ltr'>quum</span> <span class='ocrx_word' id='word_1_178' title='bbox 1472 3511 1522 3550; x_wconf 89' lang='lat' dir='ltr'>me</span> 
     </span>
     <span class='ocr_line' id='line_1_26' title="bbox 569 3589 1522 3674; baseline -0.001 -21"><span class='ocrx_word' id='word_1_179' title='bbox 569 3590 719 3663; x_wconf 90' lang='lat' dir='ltr'>amiserit,</span> <span class='ocrx_word' id='word_1_180' title='bbox 734 3589 763 3651; x_wconf 92' lang='lat' dir='ltr'>ei</span> <span class='ocrx_word' id='word_1_181' title='bbox 777 3611 835 3674; x_wconf 93' lang='lat' dir='ltr'>pro</span> <span class='ocrx_word' id='word_1_182' title='bbox 855 3611 906 3652; x_wconf 92' lang='lat' dir='ltr'>me</span> <span class='ocrx_word' id='word_1_183' title='bbox 922 3589 1071 3654; x_wconf 86' lang='lat' dir='ltr'>serenitas</span> <span class='ocrx_word' id='word_1_184' title='bbox 1092 3603 1206 3665; x_wconf 87' lang='lat' dir='ltr'>vestra,</span> <span class='ocrx_word' id='word_1_185' title='bbox 1223 3593 1250 3654; x_wconf 93' lang='lat' dir='ltr'>si</span> <span class='ocrx_word' id='word_1_186' title='bbox 1265 3589 1378 3674; x_wconf 87' lang='lat' dir='ltr'>placet,</span> <span class='ocrx_word' id='word_1_187' title='bbox 1395 3613 1522 3673; x_wconf 89' lang='lat' dir='ltr'>respon-</span> 
     </span>
     <span class='ocr_line' id='line_1_27' title="bbox 569 3687 1519 3773; baseline 0.001 -22"><span class='ocrx_word' id='word_1_188' title='bbox 569 3687 644 3752; x_wconf 91' lang='lat' dir='ltr'>deat</span> <span class='ocrx_word' id='word_1_189' title='bbox 653 3688 686 3752; x_wconf 90' lang='lat' dir='ltr'>in</span> <span class='ocrx_word' id='word_1_190' title='bbox 698 3688 814 3753; x_wconf 86' lang='lat' dir='ltr'>affectu</span> <span class='ocrx_word' id='word_1_191' title='bbox 827 3688 1016 3765; x_wconf 89' lang='lat' dir='ltr'>dulcedinis,</span> <span class='ocrx_word' id='word_1_192' title='bbox 1028 3700 1060 3753; x_wconf 89' lang='lat' dir='ltr'>et</span> <span class='ocrx_word' id='word_1_193' title='bbox 1070 3688 1282 3753; x_wconf 90' lang='lat' dir='ltr'>consolatione</span> <span class='ocrx_word' id='word_1_194' title='bbox 1295 3688 1394 3773; x_wconf 88' lang='lat' dir='ltr'>patris</span> <span class='ocrx_word' id='word_1_195' title='bbox 1405 3689 1519 3752; x_wconf 90' lang='lat' dir='ltr'>amissi.</span> 
     </span>
     <span class='ocr_line' id='line_1_28' title="bbox 572 3790 1522 3876; baseline -0.001 -23"><span class='ocrx_word' id='word_1_196' title='bbox 572 3792 606 3855; x_wconf 94' lang='lat' dir='ltr'>Is</span> <span class='ocrx_word' id='word_1_197' title='bbox 621 3800 668 3855; x_wconf 89' lang='lat' dir='ltr'>est</span> <span class='ocrx_word' id='word_1_198' title='bbox 679 3794 816 3857; x_wconf 86' lang='lat' dir='ltr'>Joannes</span> <span class='ocrx_word' id='word_1_199' title='bbox 831 3790 871 3854; x_wconf 90' lang='lat' dir='ltr'>de</span> <span class='ocrx_word' id='word_1_200' title='bbox 885 3792 952 3855; x_wconf 86' lang='lat' dir='ltr'>Sar.</span> <span class='ocrx_word' id='word_1_201' title='bbox 964 3813 1058 3876; x_wconf 92' lang='lat' dir='ltr'>quem</span> <span class='ocrx_word' id='word_1_202' title='bbox 1073 3790 1249 3875; x_wconf 86' lang='lat' dir='ltr'>ntiquealii</span> <span class='ocrx_word' id='word_1_203' title='bbox 1260 3793 1522 3867; x_wconf 88' lang='lat' dir='ltr'>commendarem,</span> 
     </span>
     <span class='ocr_line' id='line_1_29' title="bbox 569 3893 1485 3978; baseline 0 -22"><span class='ocrx_word' id='word_1_204' title='bbox 569 3893 593 3956; x_wconf 92' lang='lat' dir='ltr'>si</span> <span class='ocrx_word' id='word_1_205' title='bbox 608 3894 706 3959; x_wconf 90' lang='lat' dir='ltr'>alium</span> <span class='ocrx_word' id='word_1_206' title='bbox 722 3894 804 3958; x_wconf 88' lang='lat' dir='ltr'>inter</span> <span class='ocrx_word' id='word_1_207' title='bbox 819 3893 934 3959; x_wconf 78' lang='lat' dir='ltr'>amicos</span> <span class='ocrx_word' id='word_1_208' title='bbox 949 3909 980 3959; x_wconf 92' lang='lat' dir='ltr'>et</span> <span class='ocrx_word' id='word_1_209' title='bbox 996 3895 1140 3958; x_wconf 90' lang='lat' dir='ltr'>dominos</span> <span class='ocrx_word' id='word_1_210' title='bbox 1156 3895 1302 3958; x_wconf 90' lang='lat' dir='ltr'>haberem</span> <span class='ocrx_word' id='word_1_211' title='bbox 1320 3894 1485 3978; x_wconf 87' lang='lat' dir='ltr'>potiorem.</span> 
     </span>
    </p>
   </div>
   <div class='ocr_carea' id='block_1_5' title="bbox 702 4099 1394 4166">
    <p class='ocr_par' dir='ltr' id='par_1_5' title="bbox 702 4099 1394 4166">
     <span class='ocr_line' id='line_1_30' title="bbox 702 4099 1394 4166; baseline 0.009 -7"><span class='ocrx_word' id='word_1_212' title='bbox 702 4099 943 4163; x_wconf 85' lang='lat' dir='ltr'>EPISTOLA</span> <span class='ocrx_word' id='word_1_213' title='bbox 967 4103 1226 4166; x_wconf 76' lang='lat' dir='ltr'>LXIV.**-so</span> <span class='ocrx_word' id='word_1_214' title='bbox 1242 4121 1394 4165; x_wconf 78' lang='lat' dir='ltr'>annuunt.</span> 
     </span>
    </p>
   </div>
   <div class='ocr_carea' id='block_1_6' title="bbox 568 4231 1525 4519">
    <p class='ocr_par' dir='ltr' id='par_1_6' title="bbox 568 4231 1525 4519">
     <span class='ocr_line' id='line_1_31' title="bbox 613 4231 1522 4310; baseline 0.006 -17"><span class='ocrx_word' id='word_1_215' title='bbox 613 4233 792 4300; x_wconf 77' lang='lat' dir='ltr'>NUMQUAM</span> <span class='ocrx_word' id='word_1_216' title='bbox 819 4231 950 4295; x_wconf 81' lang='lat' dir='ltr'>satisfiet</span> <span class='ocrx_word' id='word_1_217' title='bbox 980 4233 1012 4295; x_wconf 91' lang='lat' dir='ltr'>in</span> <span class='ocrx_word' id='word_1_218' title='bbox 1044 4255 1138 4297; x_wconf 87' lang='lat' dir='ltr'>carne</span> <span class='ocrx_word' id='word_1_219' title='bbox 1168 4231 1323 4295; x_wconf 89' lang='lat' dir='ltr'>desiderio</span> <span class='ocrx_word' id='word_1_220' title='bbox 1355 4257 1434 4310; x_wconf 86' lang='lat' dir='ltr'>meo,</span> <span class='ocrx_word' id='word_1_221' title='bbox 1463 4236 1522 4298; x_wconf 92' lang='lat' dir='ltr'>nisi</span> 
     </span>
     <span class='ocr_line' id='line_1_32' title="bbox 568 4331 1522 4399; baseline 0.002 -4"><span class='ocrx_word' id='word_1_222' title='bbox 568 4331 864 4395; x_wconf 79' lang='lat' dir='ltr'>desideratissimam</span> <span class='ocrx_word' id='word_1_223' title='bbox 881 4331 992 4395; x_wconf 83' lang='lat' dir='ltr'>faciem</span> <span class='ocrx_word' id='word_1_224' title='bbox 1010 4346 1146 4397; x_wconf 87' lang='lat' dir='ltr'>vestram</span> <span class='ocrx_word' id='word_1_225' title='bbox 1163 4333 1240 4396; x_wconf 90' lang='lat' dir='ltr'>mihi</span> <span class='ocrx_word' id='word_1_226' title='bbox 1256 4336 1289 4396; x_wconf 93' lang='lat' dir='ltr'>in</span> <span class='ocrx_word' id='word_1_227' title='bbox 1306 4358 1398 4397; x_wconf 91' lang='lat' dir='ltr'>carne</span> <span class='ocrx_word' id='word_1_228' title='bbox 1415 4335 1522 4399; x_wconf 88' lang='lat' dir='ltr'>videre</span> 
     </span>
     <span class='ocr_line' id='line_1_33' title="bbox 569 4431 1525 4519; baseline 0.005 -24"><span class='ocrx_word' id='word_1_229' title='bbox 569 4433 744 4519; x_wconf 86' lang='lat' dir='ltr'>contigerit.</span> <span class='ocrx_word' id='word_1_230' title='bbox 762 4431 911 4497; x_wconf 91' lang='lat' dir='ltr'>Dimittet</span> <span class='ocrx_word' id='word_1_231' title='bbox 925 4444 991 4497; x_wconf 89' lang='lat' dir='ltr'>tum</span> <span class='ocrx_word' id='word_1_232' title='bbox 1006 4431 1037 4495; x_wconf 94' lang='lat' dir='ltr'>in</span> <span class='ocrx_word' id='word_1_233' title='bbox 1048 4455 1124 4518; x_wconf 92' lang='lat' dir='ltr'>pace</span> <span class='ocrx_word' id='word_1_234' title='bbox 1134 4433 1294 4497; x_wconf 86' lang='lat' dir='ltr'>servulum</span> <span class='ocrx_word' id='word_1_235' title='bbox 1306 4459 1399 4499; x_wconf 91' lang='lat' dir='ltr'>suum</span> <span class='ocrx_word' id='word_1_236' title='bbox 1414 4435 1525 4501; x_wconf 89' lang='lat' dir='ltr'>Chris-</span> 
     </span>
    </p>
   </div>
   <div class='ocr_carea' id='block_1_7' title="bbox 0 0 1942 5725">
    <p class='ocr_par' dir='ltr' id='par_1_7' title="bbox 0 0 1942 5725">
     <span class='ocr_line' id='line_1_34' title="bbox 0 0 1942 5725; baseline 0 5"><span class='ocrx_word' id='word_1_237' title='bbox 0 0 1942 5725; x_wconf 95' lang='lat' dir='ltr'> </span> 
     </span>
    </p>
   </div>
  </div>
 </body>
</html>
