3875 5725
553 820 614 880 166
805 834 941 878 tornius
956 833 1235 880 sanssaaamusm
1411 819 1460 894 [A.
1476 837 1509 881 n.

550 984 698 1070 precibus
712 985 845 1048 domino
866 984 1064 1051 Cancellario
1083 985 1169 1071 regis
1191 985 1422 1062 commisimus,
1438 1010 1511 1072 ego,

549 1099 582 1152 et
607 1087 825 1152 thesaurarius
850 1088 1074 1163 Eboracensis‚
1097 1110 1201 1175 nuper
1228 1108 1340 1152 sanum
1366 1089 1400 1152 in
1425 1090 1511 1154 bono

551 1202 637 1255 statu
651 1189 805 1265 vidimus,
820 1189 893 1254 licet
909 1189 949 1254 ab
965 1190 1186 1255 exactionibus
1200 1191 1286 1274 regis
1301 1213 1363 1254 non
1379 1192 1509 1256 omnino

552 1293 652 1376 possit
668 1313 734 1355 esse
749 1290 909 1354 immunis.

597 1461 833 1526 EPISTOLA
857 1462 1086 1526 exuli-ro
1099 1481 1330 1526 maxsumum
1346 1483 1465 1527 aaran.

799 1581 936 1643 Domino
952 1579 1053 1662 Papae
1069 1579 1264 1644 Alemandro.

599 1695 720 1774 Canas,
735 1717 809 1781 quae
825 1697 962 1759 vertitur
976 1695 1061 1760 inter
1077 1696 1221 1759 Suanum
1234 1709 1266 1762 et
1280 1694 1512 1773 Baldewinum,

555 1795 742 1870 sacerdotes,
764 1818 860 1882 super
883 1795 1014 1860 ecclesia
1036 1794 1076 1858 de
1100 1795 1270 1862 Chiltedic.
1291 1798 1333 1862 ab
1355 1794 1513 1861 auditorio

555 1896 742 1963 venerabilis
753 1898 861 1962 fratris
874 1896 1111 1961 nostriRicardi
1120 1897 1351 1962 Londoniensis
1360 1898 1513 1984 episcopis

555 1999 776 2086 appellationis
787 1998 909 2063 auxilio
921 1997 962 2060 ad
974 2010 1114 2061 nostram
1131 2010 1233 2062 tracta
1248 2011 1296 2065 est
1308 1997 1514 2066 audientiam.

557 2102 686 2187 Agebat
708 2101 818 2186 itaque
841 2112 1035 2164 memoratus
1058 2100 1186 2163 Suanus
1204 2113 1240 2164 ut
1258 2102 1327 2187 jam
1348 2100 1433 2166 dicta
1454 2101 1514 2176 sibi

556 2201 778 2267 restitueretur
793 2200 933 2279 ecclesia,
948 2224 1014 2287 qua
1038 2224 1070 2265 se
1092 2201 1288 2286 querebatur
1309 2225 1376 2266 esse
1395 2203 1514 2290 injuste

556 2312 589 2366 et
614 2303 680 2366 sine
705 2300 829 2388 judicio
859 2301 1063 2379 destitutum,
1087 2302 1143 2387 qui
1174 2302 1323 2367 vicarium
1355 2327 1448 2369 suurn
1478 2320 1515 2369 ut

557 2402 681 2469 dicebat
703 2407 856 2468 violenter
871 2403 1051 2489 expulerat.
1096 2403 1297 2468 Baldewinus
1312 2403 1351 2467 ad
1375 2405 1443 2468 lraec
1467 2406 1515 2470 di-

557 2506 671 2572 latoria
696 2503 881 2590 exceptione
908 2503 1067 2592 opposita,
1089 2528 1121 2569 se
1147 2525 1242 2591 super
1264 2518 1440 2570 memorata
1466 2529 1516 2569 ec-

557 2606 653 2672 clesia
681 2608 722 2671 de
746 2608 822 2693 jure
851 2607 1012 2670 conveniri
1043 2630 1107 2672 non
1140 2629 1232 2691 posse
1269 2607 1406 2683 dicebat,
1437 2609 1518 2673 citra

559 2707 790 2773 restitutionem
808 2707 965 2771 bonorum
980 2707 1123 2794 ejusdem
1139 2707 1291 2788 ecclesiae,
1304 2731 1380 2794 quae
1401 2708 1463 2775 sibi
1487 2709 1518 2772 vi

558 2825 590 2875 et
604 2809 719 2876 fraude
734 2808 860 2897 praefati
873 2810 972 2873 Suani
984 2808 1110 2876 dicebat
1122 2809 1245 2874 ablata:
1270 2823 1401 2895 paratus
1411 2823 1517 2876 tamen

559 2912 599 2977 de
610 2912 779 3000 principali
790 2912 918 2997 negotio
928 2912 1120 2999 respondere
1130 2915 1156 2978 si
1170 2914 1296 2977 Suanus
1306 2911 1515 2977 innocentiam

561 3039 651 3081 suam
667 3016 773 3080 delato
794 3016 853 3079 sibi
872 3016 1057 3101 juramento
1080 3028 1244 3100 purgaret.
1290 3018 1418 3081 Suanos
1440 3036 1515 3077 vero

561 3138 618 3179 nec
644 3118 751 3181 subire
778 3117 879 3180 voluit
900 3115 1075 3201 juramenti
1101 3116 1284 3199 discrimen,
1306 3140 1364 3180 nec
1389 3116 1516 3193 referre,

561 3240 701 3282 asserens
731 3217 856 3303 judicio
884 3216 1005 3281 domini
1041 3218 1274 3283 Londoniensis
1309 3219 1518 3284 intentionem

561 3341 650 3383 suam
672 3341 736 3383 non
759 3342 850 3404 posse
872 3318 1007 3403 alicujus
1033 3320 1229 3405 exceptionis
1250 3320 1419 3388 obstaculo
1441 3320 1516 3384 sub·

561 3420 698 3483 moveri:
725 3416 812 3505 quod
827 3444 928 3507 quum
945 3445 1019 3509 pars
1033 3423 1190 3488 fateretur
1204 3422 1348 3498 adversa,
1360 3422 1467 3488 diceus
1482 3443 1514 3483 se

561 3518 633 3583 ideo
647 3520 833 3607 appellasse,
849 3522 926 3606 quia
948 3543 1014 3585 una
1035 3520 1087 3585 die
1108 3522 1150 3587 ab
1171 3521 1281 3586 eodem
1301 3521 1513 3587 Londoniensi

562 3645 635 3686 cum
650 3622 712 3686 isto
727 3622 788 3688 alia
802 3622 869 3686 duo
883 3644 1032 3709 perversa
1047 3622 1171 3709 judicia
1185 3625 1370 3709 reportavit,
1388 3623 1515 3686 Suanus

562 3726 604 3791 ad
618 3726 817 3814 praesentiam
833 3723 1007 3811 appellavit
1031 3738 1179 3805 vestram,
1193 3724 1364 3809 praefigens
1379 3724 1518 3787 Octavas

563 3830 787 3914 apostolorum,
800 3850 901 3913 quum
917 3839 1022 3890 tamen
1039 3827 1169 3914 utrique
1179 3825 1282 3911 parati
1296 3846 1435 3889 essemus
1449 3846 1517 3887 om·

565 3954 636 3994 nem
647 3932 804 4016 justitiam
821 3928 983 3993 exhibere.

597 4100 823 4164 EPISTOLA
847 4101 963 4164 CXVI
968 4102 1104 4165 lI.-an
1118 4116 1347 4163 anaxaannnn
1366 4117 1487 4161 Paean.

807 4222 948 4282 Domino
962 4221 1066 4301 Papae
1080 4217 1270 4282 Alexandro.

610 4336 791 4400 Caulrms
817 4336 967 4398 fraternae
994 4337 1169 4421 compassio
1194 4355 1252 4397 nos
1278 4332 1440 4407 admonet,
1464 4355 1520 4416 pro

568 4435 736 4501 venerabili
766 4437 863 4500 fratre
891 4450 1000 4501 nostro
1027 4434 1192 4501 Willelmo
1220 4434 1417 4499 Norwicensi
1441 4432 1521 4518 epis-
