3875 5725
496 845 586 905 1166.
590 845 602 924 1
879 865 1059 910 nrrsronn.
1380 855 1444 914 253

535 1110 757 1177 EPISTOLA
782 1113 991 1177 CLXL—rn
1007 1132 1204 1178 nrersrnnn
1222 1133 1403 1179 utconsuru.

858 1215 902 1296 [r.
920 1236 950 1279 n.
971 1217 1079 1297 use]

803 1373 967 1455 Magistro
982 1374 1131 1438 Nicolao.

535 1501 605 1564 Dru
629 1500 759 1585 quidem
782 1521 802 1562 a
825 1500 1124 1584 scriptitationibus
1144 1522 1225 1584 quas
1244 1501 1304 1565 tibi
1323 1503 1446 1567 mittere

491 1623 717 1666 consueveram
739 1601 884 1664 continui
900 1603 1076 1665 calamum:
1098 1601 1154 1665 sed
1171 1624 1211 1664 eo
1229 1604 1330 1683 magis
1348 1604 1446 1668 fervet

492 1704 635 1767 affectus.
666 1704 752 1765 Nam
765 1713 797 1765 et
807 1701 898 1764 dolor
908 1703 1097 1785 plerumque
1108 1701 1335 1766 immoderatus
1350 1706 1444 1768 affec·

492 1813 575 1865 tatas
590 1798 759 1885 suspendit
772 1802 930 1880 lacrimat,
940 1822 1044 1886 eoque
1057 1803 1160 1882 magis
1172 1800 1294 1866 cruciat
1305 1804 1445 1868 animum

490 1905 524 1967 in
544 1905 735 1968 exulceratae
758 1903 875 1968 mentis
897 1905 1025 1967 clausus
1048 1903 1301 1987 angustiis,an
1324 1904 1444 1970 diutius

491 2001 676 2087 egrediendi
690 2016 722 2070 et
742 2005 943 2070 diffundendi
967 2027 1001 2069 se
1024 2016 1057 2069 et
1078 2005 1257 2088 prodeundi
1280 2007 1314 2070 in
1337 2007 1444 2072 lucem

490 2107 623 2173 libertas
638 2109 821 2191 denegatur.
859 2109 931 2171 Nec
947 2107 1010 2171 hoc
1027 2108 1162 2171 dixerim
1186 2119 1338 2192 tanquam
1351 2107 1445 2174 inun-

492 2208 598 2274 dantis
620 2212 770 2295 procellae
790 2213 942 2273 subactus
962 2209 1095 2292 impetu,
1119 2231 1217 2292 quum
1240 2210 1446 2295 philosophia

492 2311 630 2376 docente
652 2311 832 2386 didicerim,
849 2310 935 2395 quod
958 2310 1042 2375 sicut
1056 2312 1138 2374 male
1156 2319 1274 2375 cuncta
1287 2310 1446 2377 ministrat

491 2411 640 2498 impetus,
663 2414 709 2477 ita
731 2397 822 2496 vigor
846 2412 915 2497 ejus
943 2412 1112 2477 diuturnus
1141 2433 1302 2478 essenon
1328 2426 1445 2498 potest,

489 2515 646 2597 impulsus
660 2517 785 2581 turbine
797 2525 947 2597 surgente
964 2517 1005 2578 ab
1021 2516 1196 2597 insperato,
1206 2516 1313 2580 subito
1327 2530 1445 2582 cuncta

491 2616 672 2693 contundit,
696 2616 808 2680 sedin
833 2629 997 2680 momento
1024 2616 1175 2698 disparet,
1201 2617 1259 2681 sed
1280 2617 1345 2682 fere
1370 2633 1443 2683 ante

491 2716 602 2779 deficit
627 2737 723 2801 quarn
746 2718 941 2797 languescat.
987 2719 1095 2789 Quum
1121 2737 1196 2798 ergo
1220 2717 1323 2798 figura
1348 2720 1443 2805 hujus

491 2817 602 2882 mundi
617 2828 815 2904 pertranseat
831 2819 919 2882 velut
933 2819 1057 2897 umbra,
1072 2829 1103 2882 et
1117 2827 1281 2883 momento
1295 2821 1442 2897 turbinis,

490 2932 527 2985 ut
541 2922 648 2986 fumus
663 2932 836 2986 evanescat
850 2923 883 2984 in
899 2933 1077 3005 conspectu
1091 2921 1397 3005 philosophantium,
1412 2936 1444 2989 et

490 3025 592 3106 magis
608 3034 734 3089 constet
753 3046 795 3088 ex
816 3023 880 3087 fide
905 3023 1170 3099 Christianorum,
1187 3044 1328 3108 quonam
1346 3034 1442 3109 pacto

488 3126 522 3190 in
545 3126 709 3211 prosperis
729 3127 780 3189 vel
806 3125 959 3203 adversis,
985 3126 1125 3208 sapienti
1148 3125 1269 3209 aliquid
1289 3127 1445 3192 videbitur

489 3249 559 3292 esse
584 3228 780 3293 diuturnum.
834 3228 931 3303 Quod
961 3237 1069 3291 autem
1097 3240 1354 3293 momentaneum
1382 3242 1443 3308 est,

489 3331 581 3415 cnjus
606 3331 864 3415 philosophantis
890 3330 1031 3393 animum
1059 3329 1189 3415 dejiciet
1214 3333 1265 3394 rel
1287 3332 1441 3397 extollet?

489 3433 576 3497 Mihi
591 3434 703 3517 itaque
722 3454 909 3517 persuasum
932 3446 982 3498 est
1004 3432 1091 3518 quod
1108 3434 1207 3497 vitare
1222 3455 1287 3497 non
1310 3456 1443 3518 possum

488 3535 710 3620 aequanimiter
734 3536 900 3606 sustinere,
926 3546 959 3599 et
980 3537 1041 3598 ubi
1071 3558 1121 3601 me
1153 3536 1351 3601 conscientia
1376 3558 1441 3601 non

490 3638 660 3719 remordet,
690 3638 829 3721 gaudere
857 3639 891 3701 in
921 3640 1179 3704 tribulationibus
1209 3651 1241 3704 et
1270 3641 1302 3702 in
1332 3642 1444 3723 rapina

489 3742 658 3820 bonorum,
688 3741 802 3804 divinae
833 3741 1064 3824 dispensationi
1098 3743 1214 3823 gratias
1243 3741 1326 3804 dare.
1377 3741 1442 3806 Sed

488 3842 565 3906 licet
587 3865 638 3907 me
662 3863 757 3926 super
771 3841 895 3925 injuriis
919 3852 951 3904 et
973 3841 1097 3904 damnis
1117 3841 1213 3905 illatis
1235 3841 1362 3904 tristitia
1376 3864 1441 3906 non

491 3945 671 4023 absorbeat,
696 3964 827 4007 moveor
854 3952 959 4006 tamen
987 3941 1074 4026 quod
1101 3942 1222 4005 amicos
1242 3941 1349 4006 videre
1375 3964 1442 4007 non

490 4048 576 4125 licet,
585 4048 672 4132 quod
688 4055 776 4130 grata
791 4044 1021 4109 benevolorum
1033 4042 1194 4127 colloquia
1204 4043 1441 4126 subtrahuntur,

493 4145 579 4228 qnod
590 4168 697 4209 eorum
714 4169 786 4231 quae
802 4145 880 4209 mihi
896 4154 1002 4208 essent
1011 4165 1053 4207 ex
1063 4144 1169 4207 officio
1183 4143 1332 4227 gerenda,
1344 4145 1442 4211 dene·

495 4256 587 4329 gatur
600 4250 731 4311 materia
745 4261 777 4313 et
791 4250 943 4313 facultas:
967 4268 1064 4332 super
1076 4247 1138 4326 his,
1147 4247 1289 4331 inquam,
1300 4269 1443 4325 moveor,

492 4372 619 4415 moveor
633 4352 766 4434 inquam
782 4376 877 4439 super
898 4355 969 4432 his3
993 4353 1051 4417 sed
1071 4373 1166 4437 snper
1187 4352 1360 4416 afflictione
1377 4354 1442 4416 Ec-

491 4454 599 4518 clesiae
621 4456 717 4535 longe
738 4456 876 4538 amplius
896 4477 1039 4533 moveor,
1057 4465 1089 4518 et
1108 4457 1142 4518 in
1164 4454 1343 4520 turbatione
1362 4457 1439 4517 ami·
