3875 5725
424 863 617 942 llos—64]
807 885 985 929 aristosa.
1313 877 1372 934 169

483 1091 703 1155 EPISTOLA
727 1092 918 1155 CXX-su
933 1112 1163 1156 auaxaunnuu
1180 1113 1301 1158 parsu.

660 1242 801 1304 Domino
817 1245 917 1325 Papo
935 1244 1129 1308 Aleaandro.

462 1375 690 1441 Vnusnsrutrs
712 1377 811 1440 frater
831 1391 937 1442 noster
960 1379 1126 1443 Robertus
1149 1379 1370 1444 Bathouiensis

416 1475 585 1562 episcopus
607 1477 722 1542 dilecto
745 1477 810 1540 filio
832 1492 953 1554 nostro,
971 1479 1058 1543 fideli
1079 1492 1183 1543 vestro
1207 1480 1371 1545 Willelmo

417 1577 534 1642 Cumin
549 1580 711 1642 ecclesiam
728 1580 767 1643 de
784 1580 889 1643 Cerda
905 1581 1056 1656 restituit,
1074 1582 1171 1666 juxta
1185 1581 1369 1647 mandatum

416 1677 637 1741 misericordias
664 1693 787 1754 vestrae,
813 1703 879 1764 quo
905 1681 1128 1765 praeceperatis
1153 1681 1283 1745 eandem
1312 1682 1371 1747 sibi

417 1777 627 1862 appellatione
657 1793 779 1842 remota
808 1779 945 1856 restitui,
973 1780 998 1842 si
1028 1781 1132 1865 ipsum
1163 1781 1371 1846 Duuelmeusi

417 1877 556 1940 ecclesiae
578 1877 670 1964 plene
693 1879 878 1943 satisfecisse
900 1893 1069 1943 constaret.
1114 1880 1240 1944 Dicitur
1263 1895 1370 1945 autem

417 1977 549 2042 clericus
565 1978 693 2064 quidam
712 1980 837 2042 nomine
853 1984 891 2044 Α.
907 1991 943 2044 ut
959 1979 1019 2042 hoc
1033 1979 1220 2042 beneficium
1236 1980 1371 2046 clemen-

418 2078 471 2142 tiae
488 2093 599 2145 vestrae
622 2082 761 2145 infirmet
784 2080 825 2146 ad
848 2081 954 2144 sedem
977 2081 1182 2166 apostolicam
1203 2082 1370 2166 proficisci.

418 2180 486 2244 Nos
507 2179 616 2266 itaque
631 2205 711 2268 quas
733 2204 902 2267 possumus
923 2182 1081 2272 majestati
1104 2193 1218 2244 vestrae
1238 2205 1297 2268 pro
1314 2185 1369 2248 W.

416 2300 523 2363 preces
538 2282 731 2365 porrigimus
747 2280 975 2367 supplicantes,
991 2293 1026 2343 ut
1047 2279 1134 2367 quod
1150 2279 1178 2342 ei
1195 2281 1369 2346 misericor·

416 2378 500 2445 diter
514 2383 656 2447 conferre
668 2383 800 2468 dignata
812 2397 861 2447 est
874 2382 999 2446 bonitas
1014 2395 1129 2459 vestra,
1145 2380 1281 2447 fideliter
1295 2407 1370 2448 con·

414 2502 536 2544 servare
558 2483 720 2568 dignetur,
743 2498 773 2548 et
801 2498 838 2549 ut
860 2485 965 2570 ipsum
990 2482 1022 2545 in
1045 2483 1253 2569 petitionibus
1274 2487 1370 2570 justis

415 2585 584 2646 clementer
600 2586 746 2650 audiatis.

459 2838 695 2904 EPISTOLA
719 2838 945 2902 cxxi-ln
960 2857 1189 2903 scamnorum
1206 2860 1324 2906 rursu.

663 2991 799 3053 Domino
813 2990 914 3070 Pupae
930 2989 1124 3051 Alacarrdro.

463 3142 504 3203 IN
519 3138 665 3202 omnibus
680 3160 754 3223 quae
770 3136 867 3222 gessit
885 3135 1008 3199 bonitas
1020 3136 1224 3212 vestra,uihil
1240 3137 1369 3203 domiuo

416 3242 482 3325 regi
506 3240 681 3324 Anglorum
704 3242 828 3325 gratius
847 3252 894 3303 est
917 3238 1070 3303 beneficio
1092 3239 1179 3324 quod
1204 3240 1370 3307 Willelmo

417 3344 534 3409 Cumin
554 3343 640 3407 fideli
661 3357 766 3408 vestro
788 3343 1033 3407 misericorditer
1052 3341 1264 3429 impendistis·
1296 3347 1369 3410 Hoc

415 3458 521 3510 autem
545 3445 659 3509 nititur
677 3468 830 3509 evacuare
852 3447 949 3510 frater
972 3444 1102 3530 quidam
1125 3446 1250 3510 nomine
1273 3450 1311 3512 A.
1327 3448 1369 3513 de

416 3545 532 3625 Corda,
547 3547 670 3610 utinam
689 3546 827 3610 melioris
849 3546 925 3609 vitae
940 3557 972 3608 et
993 3544 1171 3630 integrioris
1188 3546 1303 3612 famae!
1336 3563 1368 3614 et

414 3648 610 3732 majestatem
638 3659 774 3710 vestram
805 3646 927 3710 levitati
957 3659 989 3710 et
1018 3647 1252 3724 inconstantiae,
1279 3650 1369 3733 quod

414 3748 508 3824 absit,
540 3748 685 3822 submitti
720 3747 890 3811 desiderat.
938 3745 1083 3822 Rectius,
1119 3760 1220 3831 pater,
1250 3749 1367 3825 fuerat,

414 3839 541 3915 omnino
552 3874 614 3915 non
631 3850 743 3913 audire
758 3849 956 3924 clamantem,
970 3871 1066 3934 quam
1081 3849 1182 3933 gratis
1196 3849 1369 3917 destituere

414 3949 609 4024 restitutum,
634 3962 666 4014 et
688 3949 808 4033 absque
830 3948 925 4032 culpa
950 3946 1086 4032 dejicere
1109 3946 1249 4031 legitime
1271 3952 1370 4033 possi-

415 4048 551 4114 dentem.
596 4051 723 4115 Placeat
747 4072 824 4134 ergo
846 4048 1023 4132 dignationi
1045 4061 1158 4112 vestrae
1179 4051 1267 4135 juste
1294 4076 1367 4117 con-

416 4170 538 4212 servare
558 4153 645 4236 quod
670 4150 914 4216 misericorditer
936 4152 1126 4224 contulistis,
1150 4164 1182 4215 et
1205 4151 1309 4237 ipsum
1333 4158 1365 4219 iu

415 4250 624 4335 petitionibus
634 4254 731 4338 justis
746 4251 920 4318 clementer
934 4253 1053 4317 audite.
1091 4257 1141 4317 De
1157 4266 1271 4317 caetero
1287 4259 1368 4341 epis-

415 4374 512 4435 copus
527 4352 730 4417 Lexoviensis
745 4355 876 4418 malleus
894 4354 1073 4439 iniquitatis
1087 4367 1135 4419 cst
1149 4355 1189 4417 ad
1206 4371 1367 4419 conteren-

414 4452 488 4516 dam
505 4452 666 4517 ecclesiam
684 4456 762 4526 Dei;
787 4455 837 4518 bic
849 4456 881 4518 in
895 4478 945 4518 mc
958 4478 1130 4540 pauperem
1146 4468 1266 4519 tautam
1284 4458 1366 4542 regis
