3875 5725
601 877 664 934 m
858 885 994 930 scaurus
1010 883 1288 930 sannssnnrnnsrs
1461 866 1505 946 [A.
1523 886 1556 931 n.

603 1041 699 1117 carni,
716 1050 746 1102 et
761 1040 877 1121 sopito,
891 1040 956 1101 imo
972 1039 1036 1101 fere
1051 1039 1193 1100 extincto
1212 1038 1337 1120 spiritui
1351 1039 1385 1101 iu
1409 1040 1557 1103 salutem.

604 1141 802 1205 Persuadeas
829 1162 902 1222 ergo
930 1141 1068 1204 dominae
1094 1152 1209 1202 nostrae
1231 1151 1269 1204 ut
1291 1163 1352 1204 nos
1378 1141 1419 1204 de
1441 1153 1558 1205 stetero

601 1245 719 1308 babeat
733 1256 905 1306 excusatos
928 1245 960 1304 in
986 1264 1025 1305 eo
1050 1242 1137 1325 quod
1162 1243 1245 1304 ultro
1267 1241 1467 1306 dissimulare
1488 1265 1557 1307 non

601 1348 694 1410 licet:
718 1346 862 1428 sciatque
884 1355 1046 1427 procerte
1069 1342 1154 1426 quod
1170 1344 1198 1406 si
1213 1345 1364 1409 revixerit
1377 1345 1462 1408 filius
1477 1345 1559 1430 ejus,

602 1460 634 1512 et
649 1449 819 1512 consilium
838 1448 946 1509 matris
971 1444 1105 1529 recipiat
1128 1445 1262 1509 audiens
1277 1468 1388 1510 vocem
1413 1447 1560 1524 Domini,

602 1570 663 1612 nos
689 1548 731 1612 ad
756 1548 910 1610 honorem
939 1547 1014 1622 Dei,
1038 1555 1070 1607 et
1093 1546 1289 1609 voluntatem
1316 1569 1406 1610 suam
1431 1559 1559 1630 paratos

602 1649 753 1712 inveniet.
788 1647 920 1710 Interim
935 1645 1123 1708 morientem
1138 1644 1240 1708 filium
1256 1647 1383 1729 pariter,
1397 1660 1430 1712 et
1444 1647 1558 1711 eodem

601 1754 768 1835 lugeamus
789 1751 917 1824 affectu,
934 1749 989 1830 qui
1015 1749 1150 1811 salutem
1166 1747 1235 1831 ejus
1249 1759 1281 1812 et
1304 1749 1469 1827 honorem,
1483 1749 1559 1813 Deo

601 1867 693 1929 teste,
706 1852 865 1916 consimili
881 1849 1042 1914 desiderio
1057 1861 1206 1933 optamus
1221 1851 1340 1934 pariter
1354 1862 1386 1914 et
1400 1863 1557 1936 optamus.

602 1957 686 2021 Haec
713 1976 785 2019 cum
812 1954 932 2026 dolore,
958 1953 1109 2031 lacrimis,
1133 1952 1336 2033 singultibus,
1360 1968 1390 2017 et
1414 1940 1559 2036 suspiriis

601 2059 772 2142 loquimur,
788 2068 938 2138 tanquam
954 2055 1075 2118 viscera
1088 2065 1197 2118 nostra
1212 2055 1252 2118 de
1268 2056 1405 2120 claustro
1420 2057 1559 2139 pectoris

601 2160 774 2224 acerbitate
800 2158 873 2220 ferri
903 2168 1048 2220 extracta
1077 2157 1189 2220 ardore
1213 2158 1349 2221 cauterii
1373 2159 1557 2231 inuramus:

602 2263 688 2346 quod
703 2273 735 2325 et
750 2262 841 2324 Deus
856 2260 927 2336 scit,
940 2260 973 2321 in
989 2260 1081 2344 cujus
1096 2256 1245 2345 injuriam
1262 2283 1410 2326 exercere
1426 2262 1559 2326 ulterius

599 2386 665 2427 non
682 2364 836 2426 debemus
858 2362 991 2445 impiam
1015 2363 1218 2445 pietatem,ei
1241 2361 1273 2426 in
1297 2365 1399 2441 terris,
1415 2378 1559 2440 matrem,

599 2475 733 2550 patrem,
749 2484 897 2538 sororem,
914 2463 1125 2547 praeferendo,
1141 2474 1173 2528 et
1198 2466 1395 2531 Dominum:
1425 2488 1490 2529 non
1507 2478 1557 2531 est

600 2567 692 2630 dolor
706 2567 789 2630 sicut
804 2567 898 2629 dolor
910 2566 991 2629 iste:
1023 2566 1078 2630 sed
1095 2568 1210 2632 caritas
1235 2568 1310 2648 Dei,
1325 2579 1357 2633 et
1379 2569 1510 2648 utilitas,
1525 2582 1559 2633 et

599 2670 703 2733 honor
717 2668 786 2753 ejus
801 2669 857 2753 qui
872 2680 1009 2747 curatur,
1023 2691 1084 2733 nos
1101 2683 1195 2752 urget
1208 2681 1244 2736 ut
1268 2671 1339 2736 haec
1362 2673 1434 2736 forti
1449 2673 1557 2738 animo

599 2773 796 2835 sufferamus.
841 2770 933 2849 Vale,
948 2774 1063 2849 saluta,
1078 2783 1110 2835 et
1133 2774 1272 2838 sollicita
1286 2775 1396 2839 fratres
1420 2787 1556 2852 nostros,

598 2888 634 2937 ut
656 2875 749 2938 nobis
776 2875 946 2957 impetrent
971 2874 1116 2958 spiritum
1142 2876 1269 2939 consilii
1295 2889 1327 2940 et
1352 2873 1557 2958 fortitudinis,

598 2984 725 3037 orantes
741 2996 798 3057 pro
814 2974 946 3037 domino
961 2994 1045 3056 rege,
1062 2986 1097 3038 ut
1112 2976 1140 3038 ei
1160 2975 1245 3039 adsit
1260 2977 1389 3059 spiritus
1413 2980 1555 3044 scientiae

599 3087 630 3139 et
644 3076 794 3152 veritatis,
809 3087 966 3159 quatenus
990 3097 1058 3159 pax
1073 3077 1143 3160 ejus
1157 3078 1315 3142 Ecclesiae
1336 3080 1399 3143 Dei
1414 3090 1446 3144 et
1460 3081 1556 3145 nobis

598 3176 782 3242 reformetur
797 3177 831 3239 in
847 3177 1001 3239 Domino.

597 3430 818 3493 EPISTOLA
862 3430 1053 3495 CLIl.-so
1089 3453 1301 3504 wrnnsnuum
1335 3460 1379 3505 nr
1413 3458 1553 3505 oooruru

629 3548 772 3591 emortus
789 3547 954 3593 eccunsrm
972 3550 1250 3599 cusrousrarrms.
1300 3540 1345 3621 [A.
1361 3560 1393 3602 o.
1412 3543 1522 3618 llos]

650 3663 820 3727 Prioribus
834 3670 954 3727 sancte
971 3664 1126 3729 Ecclesio
1145 3665 1406 3752 cantuariensis,
1421 3676 1457 3739 J.
1472 3676 1509 3741 S.

638 3787 836 3849 Mummrssn
851 3793 957 3866 potest
972 3796 1004 3846 et
1025 3784 1122 3848 debet
1137 3798 1241 3853 vestra
1255 3791 1418 3871 discretio,
1433 3806 1556 3878 quanta

596 3884 769 3949 reverentia
785 3886 824 3948 sit
839 3885 988 3949 Patribus
1002 3886 1196 3965 exhibenda,
1212 3904 1243 3953 et
1264 3904 1415 3975 quantam
1440 3896 1554 3960 huma·

593 3990 727 4050 nitatem
747 3999 856 4050 sancta
873 3986 1116 4052 Cantuariensis
1139 3992 1276 4054 ecclesia
1302 3992 1555 4077 archiepiscopis

595 4090 659 4150 suis
675 4088 877 4169 impenderit.
924 4089 1017 4151 Licet
1038 4097 1142 4151 autem
1158 4090 1259 4166 illum,
1276 4092 1332 4175 qui
1349 4093 1445 4158 modo
1470 4116 1555 4179 prae.

593 4188 677 4251 sidet
692 4188 794 4264 nobis,
811 4209 874 4250 non
892 4190 1026 4251 audeam
1045 4189 1110 4251 suis
1132 4191 1357 4258 decessoribus
1371 4216 1554 4282 coaequare,

592 4290 647 4374 qui
675 4288 707 4348 in
739 4288 875 4349 ecclesia
904 4299 1015 4350 nostra
1043 4303 1214 4355 coruscant
1243 4295 1418 4376 miraculis,
1444 4308 1552 4364 tamen

593 4410 732 4465 causam,
768 4408 860 4470 quam
902 4389 961 4451 iste
1001 4400 1116 4469 tuetur,
1155 4395 1337 4461 inferiorem
1376 4420 1446 4463 esse
1485 4423 1551 4466 non

592 4496 733 4559 arbitror.
773 4489 896 4553 Eadem
909 4492 994 4555 enim
1011 4504 1069 4570 est,
1084 4516 1181 4576 quum
1198 4500 1367 4582 utrobique
1385 4522 1442 4585 pro
1454 4503 1548 4566 liber-
