3875 5725
752 838 888 883 consuis
903 837 1182 885 maamanraxsm
1358 824 1403 905 [a.
1424 848 1459 892 n.

683 1016 902 1080 EPISTOLA
926 1017 1092 1080 Vll-sn
1108 1035 1261 1080 ananau.

766 1154 906 1215 Domino
918 1172 1012 1232 pape
1029 1151 1185 1214 Adriano.

537 1289 708 1351 Parenos
734 1280 851 1345 nobilis
876 1281 936 1344 viri
964 1281 1046 1365 Bag.
1070 1282 1112 1345 de
1142 1297 1251 1349 sancto
1278 1286 1451 1366 walerico,

496 1385 667 1451 venerabili
681 1383 773 1448 fratri
789 1395 898 1447 nostro
911 1383 1053 1446 Ricardc
1069 1383 1282 1450 Londoniensi
1297 1387 1448 1475 episcopo

494 1489 642 1553 dedimus
664 1487 697 1549 in
721 1484 892 1560 mandatis,
918 1496 955 1547 ut
976 1484 1005 1547 ei
1031 1484 1072 1548 de
1098 1484 1216 1549 comite
1242 1487 1401 1567 alberico,
1428 1512 1448 1553 a

493 1614 559 1678 quo
582 1589 642 1654 sibi
665 1593 706 1652 60
730 1608 852 1651 marcas
875 1584 938 1648 fide
961 1584 1150 1671 interposita
1172 1587 1282 1652 deberi
1308 1588 1448 1672 dicebat,

490 1692 672 1758 monnicam
706 1687 863 1776 justitiam
901 1686 1078 1750 exhiberet.
1137 1688 1318 1775 Episcopus
1355 1712 1443 1768 vero,

490 1794 593 1859 causis
615 1792 809 1880 quibusdam
838 1789 1125 1854 intervenientibus
1155 1789 1341 1855 mandatum
1373 1813 1445 1856 ncs-

492 1913 576 1963 trum
601 1895 718 1979 exequi
742 1891 949 1980 praepeditus,
972 1890 1184 1973 cognitionem
1209 1892 1445 1957 venerabilibus

494 1999 569 2062 viris
597 1997 681 2060 Rad.
707 1992 809 2058 [ond.
836 1991 968 2066 decano,
995 1992 1086 2076 Hug.
1110 1991 1332 2056 archidiacono
1358 1993 1444 2057 delc-

493 2099 591 2184 gavit.
636 2098 743 2172 Quum
770 2115 847 2174 ergo
872 2115 944 2155 reus
968 2093 1065 2157 tertio
1087 2092 1238 2174 legitimis
1267 2093 1444 2159 intervallis

493 2200 611 2264 citatus
632 2211 728 2268 esset,
751 2207 784 2258 et
808 2209 939 2258 auctore
962 2192 1098 2280 probato
1120 2195 1315 2280 propositam
1334 2198 1443 2262 inten-

493 2303 609 2366 tionem
626 2298 773 2381 implens,
789 2318 851 2359 non
867 2297 987 2360 laceret
1002 2294 1125 2381 copiam
1150 2296 1211 2372 sui,
1225 2318 1282 2359 nec
1298 2310 1334 2360 ut
1350 2319 1444 2382 opor-

492 2402 592 2473 tebat,
605 2398 795 2462 sufficientes
804 2411 1007 2462 excusatores
1021 2409 1078 2461 aut
1090 2397 1285 2481 responsales
1295 2396 1442 2475 misisset,

492 2513 687 2566 memoratus
712 2503 753 2566 R.
777 2512 865 2563 actor
889 2521 1006 2582 magna
1031 2499 1206 2584 postulavit
1232 2497 1381 2562 instantia
1408 2512 1443 2564 ut

487 2602 614 2690 judices
640 2623 694 2664 seu
720 2601 862 2665 tramites
882 2600 965 2685 juris
992 2623 1051 2662 suo
1079 2597 1182 2662 officio
1209 2598 1440 2683 fungerentur:

490 2704 553 2768 illis
574 2714 681 2766 autem
704 2700 971 2788 respondentibus
996 2701 1209 2784 cognitionem
1237 2722 1352 2776 causa,
1378 2723 1441 2764 non

490 2804 690 2882 decisionem,
714 2803 773 2868 sibi
795 2804 836 2868 ab
859 2803 1009 2889 episcopo
1034 2801 1212 2888 delegatam
1242 2824 1321 2878 esse,
1346 2814 1379 2866 et
1399 2802 1442 2867 ob

490 2907 549 2971 hoc
564 2931 601 2971 eo
616 2907 795 2971 inconsulto
810 2907 842 2970 in
864 2928 960 3002 causa
978 2928 1039 2968 non
1056 2927 1148 2990 posse
1162 2903 1345 2989 procedere,
1360 2928 1443 2991 prae-

490 3010 671 3074 nominatus
688 3012 730 3073 R.
745 3009 892 3093 expetiit,
910 3021 946 3070 ut
963 3020 1020 3070 aut
1042 3005 1251 3091 procederent
1273 3008 1299 3070 si
1314 3005 1440 3083 licebat,

488 3124 545 3171 aut
561 3110 745 3192 patentibus
761 3109 860 3171 literis
875 3109 936 3172 sibi
953 3107 1090 3183 traditis,
1101 3107 1306 3191 agitationem
1322 3111 1441 3194 negotii

488 3210 636 3293 episcopo
652 3207 885 3292 significarent:
910 3222 942 3272 et
957 3209 1035 3293 quia
1049 3209 1091 3271 ab
1105 3210 1152 3272 eis
1164 3208 1197 3270 in
1213 3211 1273 3273 hac
1287 3210 1440 3295 petitione

489 3333 550 3374 non
567 3310 684 3374 meruit
706 3309 864 3387 exaudiri,
880 3310 1005 3373 eosdem
1030 3310 1071 3373 ad
1087 3323 1228 3375 nostram
1244 3310 1439 3376 audientiam

487 3411 670 3499 appellavit.
716 3415 823 3489 Quum
849 3412 959 3498 itaque
986 3413 1038 3475 die
1064 3413 1196 3498 praelixa
1217 3413 1249 3476 in
1273 3415 1442 3498 prasentia

489 3527 596 3577 nostra
621 3514 777 3592 adessent,
801 3526 833 3576 et
854 3516 900 3577 rei
923 3513 1034 3577 seriem
1057 3513 1193 3599 praefato
1214 3513 1311 3578 modo
1333 3526 1440 3603 partes

487 3629 693 3702 exponerent,
716 3616 906 3702 saepedictus
937 3618 1020 3702 Rag.
1046 3616 1156 3680 dicens
1181 3639 1214 3679 se
1240 3641 1260 3681 a
1287 3617 1440 3702 delegatis

487 3718 547 3784 sibi
565 3718 733 3804 judicibus
756 3707 915 3797 delusum,
929 3719 1016 3803 ipsos
1039 3717 1080 3781 ad
1103 3717 1212 3782 sedem
1233 3718 1438 3804 apostolicam

487 3820 660 3899 intimavit,
690 3820 774 3885 diem
805 3819 976 3905 praefigens
1001 3821 1035 3883 in
1063 3819 1194 3883 Octavis
1225 3821 1439 3887 Pentecostes.

488 3919 540 3983 Illi
556 3945 630 3986 vero
646 3945 734 3986 suam
751 3936 938 3986 excusantes
958 3920 1170 3985 innocentiam
1193 3920 1340 3986 dicebant
1356 3923 1439 4007 epis·

486 4043 602 4104 copum
617 4022 804 4086 decisionem
826 4047 930 4087 causae
950 4024 1081 4109 proprio
1096 4045 1272 4087 reservasse
1287 4024 1438 4101 examini,

486 4134 519 4185 et
535 4142 567 4183 se
582 4120 615 4183 in
630 4145 725 4185 causa
740 4144 941 4207 nequaquam
959 4123 1148 4208 malignatos
1163 4145 1241 4200 esse,
1258 4124 1360 4210 parati
1377 4124 1437 4188 hoc

485 4222 589 4308 ipsum
608 4223 792 4306 juramento
812 4223 1019 4308 corporaliter
1041 4226 1185 4310 praestito
1207 4224 1435 4290 demonstrare.

490 4328 554 4390 Vos
576 4336 695 4397 autem,
716 4323 768 4385 cui
792 4322 999 4400 diffinitionis,
1023 4340 1058 4389 ut
1081 4329 1237 4411 oportuit,
1261 4342 1439 4393 reservatus

487 4441 533 4491 est
549 4423 700 4503 calculus,
715 4446 819 4485 causae
835 4423 928 4487 linem
944 4424 1088 4489 debitum
1105 4428 1283 4513 imponetis.
