3875 5725
503 865 675 945 tlte—8]
895 876 1076 935 sennenn.
1408 871 1448 935 at

499 1032 671 1118 confugere
687 1032 935 1120 compelluntur,
955 1046 993 1098 ut
1009 1034 1173 1099 laboribus
1193 1059 1302 1107 eorum
1319 1059 1449 1110 manum

499 1135 722 1202 misericordiae
746 1135 925 1222 porrigatis.
973 1138 1063 1202 Inter
1088 1149 1203 1202 caetera
1225 1139 1386 1206 ecclesiam
1408 1141 1449 1210 de

499 1237 712 1323 Effingebam,
727 1262 822 1324 quam
839 1237 896 1317 eis,
910 1250 1039 1324 petente
1054 1240 1303 1319 dominatuum,
1318 1239 1449 1308 donavit

498 1337 646 1411 dominus
669 1339 827 1417 Winton,
850 1354 882 1404 et
904 1341 1063 1426 gloriosus
1085 1342 1230 1406 decessor
1252 1356 1357 1409 vester
1380 1346 1449 1408 Eu·

496 1441 621 1527 genius,
645 1457 772 1508 secutus
798 1443 941 1528 ejusdem
968 1443 1090 1508 domini
1111 1443 1324 1510 Wintouiensi
1350 1447 1449 1533 scrip-

497 1557 578 1622 tum,
591 1545 651 1610 sub
664 1545 832 1632 privilegio
841 1544 1051 1618 confirmavit,
1064 1545 1096 1609 in
1108 1545 1256 1632 injuriam
1267 1547 1448 1634 apostolicae

394 1722 396 1725 v
496 1647 680 1732 majestatis,
702 1660 733 1711 et
753 1647 973 1711 confusionem
1003 1660 1183 1713 sanctorum
1200 1671 1355 1713 canonum
1376 1672 1450 1719 con·

494 1745 568 1817 tulit
599 1758 791 1809 memoratus
825 1746 993 1831 episcopus
1023 1745 1150 1810 cuidam
1182 1748 1353 1833 publicano
1382 1751 1448 1815 fere

495 1844 574 1919 laico
589 1846 655 1910 filio
676 1845 857 1916 sacerdotis,
873 1846 929 1932 qui
945 1846 977 1909 in
998 1868 1036 1909 ea
1057 1846 1186 1912 ecclesia
1206 1848 1449 1918 ministraverat.

495 1947 672 2022 Ecclesiam
689 1967 818 2032 quoque
834 1970 939 2012 eorum
956 1947 997 2010 de
1020 1948 1197 2033 Uppetona
1211 1950 1301 2016 miles
1315 1950 1447 2037 quidam

494 2049 713 2126 dissimulante
735 2050 884 2136 episcopo
906 2050 1040 2134 impune
1055 2051 1121 2117 suis
1143 2051 1274 2118 decimis
1288 2052 1447 2140 spoliavit.
1498 2043 1513 2065 ’

495 2152 570 2216 Hoc
594 2163 714 2227 autem,
746 2151 961 2236 praepediente
991 2153 1212 2237 magnitudine
1234 2156 1447 2238 quorumdam

481 2253 628 2337 :justitiae
643 2251 893 2330 detrahentium,
909 2266 940 2317 et
963 2253 1174 2324 invalescente
1193 2255 1315 2319 malitia
1330 2256 1447 2323 multo-

491 2376 574 2431 rum,
592 2353 651 2419 nisi
667 2363 800 2439 urgente
815 2353 966 2419 mandato
981 2368 1087 2420 vestro
1102 2378 1165 2418 nou
1182 2356 1323 2441 potuerit
1339 2379 1446 2423 emen·

492 2455 572 2520 dari.
617 2457 744 2522 Placeat
769 2479 846 2540 ergo
868 2456 1045 2540 dignationi
1068 2470 1193 2532 vestrae,
1218 2457 1446 2543 praedictorum

468 2569 473 2575 '
492 2556 629 2620 fratrum
644 2580 767 2632 causas,
779 2570 811 2621 et
828 2577 976 2642 personas
987 2558 1124 2642 benigne
1139 2558 1320 2639 admittere,
1334 2573 1367 2624 et
1381 2562 1446 2627 cito
1527 2568 1531 2574 ’

492 2659 665 2734 remittere,
673 2658 917 2743 quiatemeritas
927 2682 1047 2736 eorum,
1056 2660 1114 2744 qui
1125 2659 1157 2722 iu
1169 2683 1246 2724 usus
1257 2683 1445 2747 pauperum,

491 2757 577 2821 ultra
601 2781 698 2844 quam
722 2759 819 2835 huuc,
850 2759 936 2822 domi
960 2761 1158 2844 expendunt,
1182 2783 1301 2824 moram
1325 2762 1444 2847 refugit

494 2859 677 2944 longiorem.
719 2860 867 2923 Profecto
881 2858 905 2924 si
916 2860 1033 2926 latores
1044 2863 1247 2946 praesentium
1257 2862 1445 2927 familiarius

491 2946 712 3047 inspexeritas,
728 2960 901 3034 multarum
918 2983 1170 3046 magnarumque
1193 2960 1349 3025 virtutum
1375 2984 1447 3048 par-

492 3086 567 3129 sum
580 3062 784 3149 hospitiolum
798 3061 830 3124 in
846 3062 946 3126 altero
962 3060 1108 3147 poteritis
1123 3062 1328 3142 admirari-ct
1344 3086 1445 3148 quum

493 3176 665 3248 utrumque
684 3164 811 3228 caritati
826 3176 940 3228 vestrae
954 3163 1154 3230 commendet
1171 3163 1321 3251 spiritus:
1353 3162 1445 3232 alteri

489 3255 563 3331 caro
588 3279 620 3337 et
642 3264 771 3349 sanguis
796 3265 932 3349 gratiam
959 3264 1168 3350 compacabit.
1214 3265 1320 3340 Prosit
1348 3266 1446 3330 Meri-

492 3367 686 3445 tonensibus‚
707 3368 795 3453 quod
812 3368 889 3434 dum
912 3371 1021 3433 essetis
1039 3369 1073 3431 in
1094 3367 1226 3434 ecclesia
1248 3367 1333 3432 beati
1353 3368 1444 3445 Rufi,

490 3468 593 3534 bonus
612 3472 692 3543 odor
714 3493 823 3534 eorum
848 3470 888 3546 ad
913 3493 969 3535 vos
985 3490 1092 3557 usque
1112 3469 1269 3557 pervenit,
1292 3481 1324 3537 et
1355 3469 1445 3557 qnod

490 3569 566 3649 mihi
582 3593 672 3635 servo
695 3586 801 3638 vestro
822 3574 1057 3651 communicare
1073 3572 1194 3637 solebat
1209 3571 1291 3637 inter
1308 3573 1444 3659 loquen-

491 3672 569 3749 dum
586 3674 732 3760 dignatio
748 3686 862 3748 restra.

655 3912 877 3975 EPISTOLA
899 3913 1113 3975 xxix.-in
1128 3927 1281 3972 urrunnu.

749 4029 884 4093 Domino
899 4030 1006 4111 Papae
1021 4028 1178 4091 Adriano.

535 4174 577 4236 Iu
599 4171 771 4243 amicorum
788 4170 924 4259 negotiis
939 4191 1032 4239 aures
1052 4167 1228 4237 clementia
1244 4179 1358 4237 vestrae
1372 4167 1445 4255 pul-

490 4294 559 4349 sare
581 4295 751 4358 praesumo,
775 4273 826 4338 cui
849 4273 932 4338 forte
955 4274 1030 4336 satis
1052 4293 1118 4337 esse
1141 4270 1281 4345 debebit,
1304 4269 1330 4337 si
1345 4269 1395 4337 vel
1410 4269 1442 4333 iu

490 4372 756 4459 propriismerear
771 4374 936 4440 exaudiri:
962 4396 1073 4438 verum
1089 4372 1170 4438 hanc
1185 4371 1347 4438 timiditati
1363 4392 1443 4441 meae

490 4472 669 4540 contulistis
683 4475 860 4557 audaciam,
869 4476 1001 4562 quando
1015 4498 1065 4542 me
1076 4473 1269 4540 occasionem
1285 4470 1441 4542 scribendi
1466 4502 1468 4507 ·
