3875 5725
509 829 545 887 ttt
762 841 897 886 soranis
912 840 1189 886 sanusnearansrs
1361 831 1409 909 [n.
1429 852 1461 896 o.

506 1006 542 1056 ut
572 1015 604 1055 se
630 1014 667 1054 ex
698 1005 787 1077 parte
814 991 951 1077 episcopi
979 1006 1011 1056 et
1037 992 1169 1076 capituli
1201 994 1280 1057 nibil
1310 996 1460 1065 Waltero

502 1094 706 1159 denuntiasse
720 1107 752 1158 et
768 1094 947 1180 promisisse
957 1094 1139 1170 innuerent,
1155 1098 1212 1180 qui
1223 1118 1325 1182 quum
1338 1120 1460 1186 propo-

502 1194 571 1259 sitis
591 1195 798 1259 eacrosanctis
815 1195 989 1281 evangeliis
1006 1196 1116 1281 jurare
1136 1197 1239 1281 parati
1260 1198 1458 1282 assisterent,

501 1295 665 1361 Walterus
680 1296 711 1361 in
727 1297 971 1383 appellationem
994 1295 1142 1383 prorupit
1157 1297 1312 1363 adversus
1329 1303 1458 1368 [ondo-

499 1398 638 1463 niensem
660 1399 856 1486 episcopum,
872 1412 904 1463 et
926 1400 998 1484 ejus
1018 1396 1187 1476 decanum,
1210 1414 1242 1464 et
1265 1402 1455 1486 saepedictos

501 1499 592 1583 Hug.
608 1497 728 1562 archid.
744 1511 777 1562 et
790 1498 979 1583 magistrum
997 1500 1038 1561 A.
1054 1519 1198 1583 personae
1219 1513 1325 1566 tamen
1340 1503 1454 1570 decani

500 1599 657 1678 deferens,
681 1612 717 1664 ut
742 1620 801 1684 per
825 1611 1063 1684 procuratorem
1090 1599 1336 1686 appeliationem
1359 1607 1453 1671 istam

498 1715 723 1787 prosequatur,
747 1699 902 1765 senectuti
926 1714 958 1764 et
980 1700 1193 1766 invaletudini
1215 1704 1285 1789 ejus
1307 1726 1451 1790 parcens.

499 1803 593 1869 Diem
616 1815 723 1868 autem
743 1801 813 1886 ejus
833 1800 1005 1889 praeiinivit
1024 1816 1154 1867 octavas
1170 1808 1209 1869 B.
1225 1805 1362 1871 Andreae
1377 1830 1454 1894 apo-

497 1904 579 1970 stoli.
609 1903 958 1990 Sedquiaauctoritate
968 1904 1133 1988 apostolici
1147 1906 1288 1971 mandati
1298 1908 1402 1972 omnis
1417 1909 1450 1972 in

496 2007 555 2071 bac
584 2029 680 2069 causa
709 2005 845 2069 inhibita
873 2004 979 2068 fuerat
1008 2004 1192 2092 appellatio,
1223 2007 1264 2071 ad
1297 2006 1451 2075 ulteriora

494 2107 700 2193 procedentes
725 2119 855 2189 accepto
880 2120 1076 2172 sacramento
1102 2131 1121 2171 a
1151 2110 1332 2175 memoratis
1360 2111 1446 2189 viris,

496 2208 622 2273 eosdem
638 2208 767 2272 omnino
782 2206 989 2272 absolvimus.

673 2560 896 2625 EPISTOLA
921 2563 1100 2626 X1V.-nn
1115 2582 1268 2627 annnam.

843 2699 989 2760 Adriano
999 2718 1106 2778 pnpoe.

538 2832 775 2896 Sanurrrarau
791 2843 927 2895 vestram
943 2827 1027 2893 circa
1042 2828 1179 2915 plurima
1191 2829 1337 2895 novimus
1350 2854 1444 2897 occu-

492 2948 612 3021 patam,
628 2946 740 3019 utpote
754 2957 828 3020 quae
843 2932 911 2998 sola
924 2934 1008 2996 inter
1028 2931 1171 2996 homines
1189 2934 1289 2996 totius
1303 2934 1444 2999 ecclesiae

493 3037 554 3101 Dei
567 3036 776 3100 incolumitati
786 3059 913 3119 semper
923 3034 1081 3119 invigilat.
1119 3035 1255 3118 Oportet
1264 3038 1374 3120 itaque
1386 3039 1444 3123 qui

491 3137 532 3200 ad
548 3158 640 3199 aures
656 3148 776 3198 vestras
790 3135 911 3198 accedit
924 3158 1098 3198 sermonem
1111 3134 1192 3198 ferre
1204 3135 1441 3202 abbreviatum:

491 3248 598 3299 noster
612 3248 718 3299 autem
731 3256 807 3297 voce
816 3233 945 3317 quidem
958 3233 1063 3298 brevis
1074 3248 1133 3312 est,
1144 3234 1199 3298 sed
1211 3246 1279 3300 toto
1290 3235 1443 3301 dilatatus

489 3336 618 3416 affectu,
648 3358 750 3421 eoque
780 3335 880 3419 magis
909 3336 996 3422 quod
1027 3339 1068 3400 ad
1098 3337 1237 3401 ecclcsiae
1263 3338 1441 3423 Anglorum

491 3438 661 3503 utilitatem
677 3437 814 3524 proficit,
830 3451 862 3501 et
877 3439 1013 3522 gloriam
1036 3440 1171 3503 nominis
1186 3438 1293 3503 vestri.
1337 3444 1441 3505 Vene-

488 3537 597 3604 rabilis
610 3539 710 3603 frater
725 3551 831 3602 noster
848 3538 993 3624 Nigellus
1004 3539 1142 3604 Eliensis
1158 3539 1367 3625 episcopusin
1383 3565 1441 3606 ex·

488 3639 605 3728 plendo
635 3639 786 3704 mandato
815 3652 920 3703 vestro
946 3662 1044 3724 super
1069 3638 1253 3703 revocandis
1278 3640 1340 3704 illis
1367 3665 1441 3726 quae

487 3740 1442 3827 bellicatempestasecelesiaesuoeextorserat‚laboratadsan-

485 3846 627 3929 guinem,
642 3860 675 3911 et
689 3844 769 3908 nihil
785 3856 923 3921 veretur,
940 3842 1018 3907 dum
1035 3841 1173 3906 ecclesiae
1189 3843 1249 3907 sibi
1264 3844 1439 3909 commissae

487 3947 670 4029 prospiciat,
685 3960 717 4011 et
732 3960 845 4012 vestrae
864 3944 1034 4010 satisfaciat
1049 3943 1217 4009 voluntati.
1256 3945 1440 4009 Laboribus

486 4045 617 4130 quidem
624 4048 943 4131 ejus,sumptibus,et
953 4046 1126 4122 doloribus,
1134 4046 1191 4131 qui
1200 4048 1228 4110 ei
1240 4046 1439 4128 viciniamur,

484 4147 1438 4234 omnescompatimur,ettantoampliusquiaadversuseum

484 4246 625 4312 nondum
638 4246 759 4332 quievit
772 4246 951 4330 indignatio
962 4264 1076 4329 restra,
1088 4249 1142 4313 sed
1156 4251 1188 4313 in
1198 4249 1351 4313 cervicem
1361 4272 1437 4336 apo-

485 4349 918 4417 stolicamanusextentaest.
942 4354 1158 4415 Veruntamen
1167 4351 1295 4416 utauris
1304 4366 1438 4437 paterna

485 4453 570 4537 quod
594 4448 655 4517 dici
678 4448 836 4513 credimus
858 4450 1019 4536 expedire,
1041 4453 1201 4536 patienter
1223 4452 1385 4531 admittat,
1407 4452 1436 4515 ei
