<?xml version="1.0" encoding="UTF-8"?>
<!DOCTYPE html PUBLIC "-//W3C//DTD XHTML 1.0 Transitional//EN"
    "http://www.w3.org/TR/xhtml1/DTD/xhtml1-transitional.dtd">
<html xmlns="http://www.w3.org/1999/xhtml" xml:lang="en" lang="en">
 <head>
  <title>
</title>
<meta http-equiv="Content-Type" content="text/html;charset=utf-8" />
  <meta name='ocr-system' content='tesseract 3.04.00' />
  <meta name='ocr-capabilities' content='ocr_page ocr_carea ocr_par ocr_line ocrx_word'/>
</head>
<body>
  <div class='ocr_page' id='page_1' title='image "./joannissaresber01johngoog_0135.png"; bbox 0 0 3875 5725; ppageno 0'>
   <div class='ocr_carea' id='block_1_1' title="bbox 511 851 1468 931">
    <p class='ocr_par' dir='ltr' id='par_1_1' title="bbox 511 851 1468 931">
     <span class='ocr_line' id='line_1_1' title="bbox 511 851 1468 931; baseline 0.006 -19"><span class='ocrx_word' id='word_1_1' title='bbox 511 851 707 931; x_wconf 76' lang='lat' dir='ltr'><strong>1159-6t.]</strong></span> <span class='ocrx_word' id='word_1_2' title='bbox 901 872 1079 918; x_wconf 74' lang='lat' dir='ltr'><strong>urrsronu.</strong></span> <span class='ocrx_word' id='word_1_3' title='bbox 1408 860 1468 919; x_wconf 47' lang='lat'><strong>1&#39;17</strong></span> 
     </span>
    </p>
   </div>
   <div class='ocr_carea' id='block_1_2' title="bbox 547 1072 1415 1241">
    <p class='ocr_par' dir='ltr' id='par_1_2' title="bbox 547 1072 1415 1241">
     <span class='ocr_line' id='line_1_2' title="bbox 547 1072 1415 1140; baseline 0.006 -6"><span class='ocrx_word' id='word_1_4' title='bbox 547 1072 769 1139; x_wconf 83' lang='lat' dir='ltr'><strong>EPISTOLA</strong></span> <span class='ocrx_word' id='word_1_5' title='bbox 791 1073 1046 1140; x_wconf 64' lang='lat' dir='ltr'><strong>Lxxxx-sn</strong></span> <span class='ocrx_word' id='word_1_6' title='bbox 1061 1091 1200 1137; x_wconf 75' lang='lat' dir='ltr'><strong>aurnuns</strong></span> <span class='ocrx_word' id='word_1_7' title='bbox 1215 1092 1415 1139; x_wconf 71' lang='lat' dir='ltr'><strong>centensem</strong></span> 
     </span>
     <span class='ocr_line' id='line_1_3' title="bbox 894 1194 1065 1241; baseline 0.012 -2"><span class='ocrx_word' id='word_1_8' title='bbox 894 1194 1065 1241; x_wconf 76' lang='lat' dir='ltr'><strong>renarra.</strong></span> 
     </span>
    </p>
   </div>
   <div class='ocr_carea' id='block_1_3' title="bbox 753 1311 1197 1376">
    <p class='ocr_par' dir='ltr' id='par_1_3' title="bbox 753 1311 1197 1376">
     <span class='ocr_line' id='line_1_4' title="bbox 753 1311 1197 1376; baseline 0.002 -2"><span class='ocrx_word' id='word_1_9' title='bbox 753 1311 895 1374; x_wconf 85' lang='lat' dir='ltr'><strong>Domino</strong></span> <span class='ocrx_word' id='word_1_10' title='bbox 912 1313 1053 1375; x_wconf 78' lang='lat' dir='ltr'><strong>Gallensi</strong></span> <span class='ocrx_word' id='word_1_11' title='bbox 1068 1313 1197 1376; x_wconf 82' lang='lat' dir='ltr'><strong><em>Abbati.</em></strong></span> 
     </span>
    </p>
   </div>
   <div class='ocr_carea' id='block_1_4' title="bbox 503 1444 1460 2027">
    <p class='ocr_par' dir='ltr' id='par_1_4' title="bbox 503 1444 1460 2027">
     <span class='ocr_line' id='line_1_5' title="bbox 548 1444 1460 1531; baseline 0.001 -24"><span class='ocrx_word' id='word_1_12' title='bbox 548 1444 625 1508; x_wconf 82' lang='lat' dir='ltr'><strong>Nou</strong></span> <span class='ocrx_word' id='word_1_13' title='bbox 647 1457 695 1508; x_wconf 92' lang='lat' dir='ltr'><strong>est</strong></span> <span class='ocrx_word' id='word_1_14' title='bbox 718 1467 835 1508; x_wconf 85' lang='lat' dir='ltr'><strong>novum</strong></span> <span class='ocrx_word' id='word_1_15' title='bbox 861 1445 948 1531; x_wconf 89' lang='lat' dir='ltr'><strong>quod</strong></span> <span class='ocrx_word' id='word_1_16' title='bbox 971 1445 1050 1509; x_wconf 91' lang='lat' dir='ltr'><strong>mihi</strong></span> <span class='ocrx_word' id='word_1_17' title='bbox 1073 1459 1177 1510; x_wconf 88' lang='lat' dir='ltr'><strong>vestra</strong></span> <span class='ocrx_word' id='word_1_18' title='bbox 1199 1444 1379 1531; x_wconf 82' lang='lat' dir='ltr'><strong>benignitas</strong></span> <span class='ocrx_word' id='word_1_19' title='bbox 1405 1444 1460 1508; x_wconf 90' lang='lat' dir='ltr'><strong>ali-</strong></span> 
     </span>
     <span class='ocr_line' id='line_1_6' title="bbox 504 1545 1460 1632; baseline 0.002 -25"><span class='ocrx_word' id='word_1_20' title='bbox 504 1558 683 1610; x_wconf 87' lang='lat' dir='ltr'>mentorum</span> <span class='ocrx_word' id='word_1_21' title='bbox 714 1546 855 1609; x_wconf 88' lang='lat' dir='ltr'><strong>subsidia</strong></span> <span class='ocrx_word' id='word_1_22' title='bbox 885 1547 1080 1631; x_wconf 76' lang='lat' dir='ltr'><strong>procuravit,</strong></span> <span class='ocrx_word' id='word_1_23' title='bbox 1108 1570 1183 1632; x_wconf 87' lang='lat' dir='ltr'><strong>quae</strong></span> <span class='ocrx_word' id='word_1_24' title='bbox 1213 1545 1257 1609; x_wconf 89' lang='lat' dir='ltr'><strong>sic</strong></span> <span class='ocrx_word' id='word_1_25' title='bbox 1289 1569 1391 1610; x_wconf 90' lang='lat' dir='ltr'><strong>meam</strong></span> <span class='ocrx_word' id='word_1_26' title='bbox 1426 1547 1460 1609; x_wconf 92' lang='lat' dir='ltr'><strong>in</strong></span> 
     </span>
     <span class='ocr_line' id='line_1_7' title="bbox 503 1646 1460 1733; baseline 0.003 -25"><span class='ocrx_word' id='word_1_27' title='bbox 503 1654 588 1709; x_wconf 91' lang='lat' dir='ltr'><strong>terra</strong></span> <span class='ocrx_word' id='word_1_28' title='bbox 608 1646 709 1710; x_wconf 90' lang='lat' dir='ltr'><strong>aliena</strong></span> <span class='ocrx_word' id='word_1_29' title='bbox 728 1660 950 1732; x_wconf 84' lang='lat' dir='ltr'><strong>paupertatem</strong></span> <span class='ocrx_word' id='word_1_30' title='bbox 969 1649 1108 1733; x_wconf 87' lang='lat' dir='ltr'><strong>excepit,</strong></span> <span class='ocrx_word' id='word_1_31' title='bbox 1131 1665 1168 1712; x_wconf 88' lang='lat' dir='ltr'><strong>ut</strong></span> <span class='ocrx_word' id='word_1_32' title='bbox 1190 1670 1248 1711; x_wconf 90' lang='lat' dir='ltr'><strong>nec</strong></span> <span class='ocrx_word' id='word_1_33' title='bbox 1270 1651 1368 1731; x_wconf 89' lang='lat' dir='ltr'><strong>patris</strong></span> <span class='ocrx_word' id='word_1_34' title='bbox 1391 1671 1460 1711; x_wconf 90' lang='lat' dir='ltr'><strong>mu-</strong></span> 
     </span>
     <span class='ocr_line' id='line_1_8' title="bbox 504 1746 1459 1822; baseline 0.003 -13"><span class='ocrx_word' id='word_1_35' title='bbox 504 1769 575 1822; x_wconf 91' lang='lat' dir='ltr'><strong>nus,</strong></span> <span class='ocrx_word' id='word_1_36' title='bbox 603 1768 660 1809; x_wconf 91' lang='lat' dir='ltr'><strong>nec</strong></span> <span class='ocrx_word' id='word_1_37' title='bbox 686 1759 848 1809; x_wconf 90' lang='lat' dir='ltr'><strong>maternus</strong></span> <span class='ocrx_word' id='word_1_38' title='bbox 878 1746 953 1809; x_wconf 92' lang='lat' dir='ltr'><strong>mihi</strong></span> <span class='ocrx_word' id='word_1_39' title='bbox 985 1747 1093 1810; x_wconf 88' lang='lat' dir='ltr'><strong>deesse</strong></span> <span class='ocrx_word' id='word_1_40' title='bbox 1123 1746 1286 1811; x_wconf 90' lang='lat' dir='ltr'><strong>videretur</strong></span> <span class='ocrx_word' id='word_1_41' title='bbox 1315 1748 1459 1813; x_wconf 84' lang='lat' dir='ltr'><strong>affectus.</strong></span> 
     </span>
     <span class='ocr_line' id='line_1_9' title="bbox 503 1846 1457 1933; baseline 0.003 -25"><span class='ocrx_word' id='word_1_42' title='bbox 503 1849 662 1930; x_wconf 88' lang='lat' dir='ltr'><strong>Magnum</strong></span> <span class='ocrx_word' id='word_1_43' title='bbox 685 1847 815 1932; x_wconf 90' lang='lat' dir='ltr'><strong>quidem</strong></span> <span class='ocrx_word' id='word_1_44' title='bbox 838 1860 906 1910; x_wconf 88' lang='lat' dir='ltr'><strong>erat</strong></span> <span class='ocrx_word' id='word_1_45' title='bbox 928 1847 972 1910; x_wconf 87' lang='lat' dir='ltr'><strong>sic</strong></span> <span class='ocrx_word' id='word_1_46' title='bbox 994 1847 1081 1911; x_wconf 90' lang='lat' dir='ltr'><strong>exuli</strong></span> <span class='ocrx_word' id='word_1_47' title='bbox 1103 1846 1283 1932; x_wconf 88' lang='lat' dir='ltr'><strong>providere,</strong></span> <span class='ocrx_word' id='word_1_48' title='bbox 1307 1860 1343 1911; x_wconf 92' lang='lat' dir='ltr'><strong>ut</strong></span> <span class='ocrx_word' id='word_1_49' title='bbox 1369 1847 1457 1933; x_wconf 87' lang='lat' dir='ltr'><strong>apud</strong></span> 
     </span>
     <span class='ocr_line' id='line_1_10' title="bbox 504 1948 1460 2027; baseline 0.001 -16"><span class='ocrx_word' id='word_1_50' title='bbox 504 1958 631 2013; x_wconf 83' lang='lat' dir='ltr'><strong>exteras</strong></span> <span class='ocrx_word' id='word_1_51' title='bbox 653 1953 797 2014; x_wconf 90' lang='lat' dir='ltr'><strong>nationes</strong></span> <span class='ocrx_word' id='word_1_52' title='bbox 819 1948 936 2011; x_wconf 90' lang='lat' dir='ltr'><strong>civium</strong></span> <span class='ocrx_word' id='word_1_53' title='bbox 958 1948 1237 2011; x_wconf 83' lang='lat' dir='ltr'><strong>commoditatibus</strong></span> <span class='ocrx_word' id='word_1_54' title='bbox 1250 1948 1384 2027; x_wconf 79' lang='lat' dir='ltr'><strong>fruerer,</strong></span> <span class='ocrx_word' id='word_1_55' title='bbox 1404 1949 1460 2012; x_wconf 87' lang='lat' dir='ltr'><strong>sed</strong></span> 
     </span>
    </p>
   </div>
   <div class='ocr_carea' id='block_1_5' title="bbox 501 2042 1575 2138">
    <p class='ocr_par' dir='ltr' id='par_1_5' title="bbox 501 2042 1575 2138">
     <span class='ocr_line' id='line_1_11' title="bbox 501 2042 1575 2138; baseline 0.001 -26"><span class='ocrx_word' id='word_1_56' title='bbox 501 2049 604 2114; x_wconf 92' lang='lat' dir='ltr'><strong>multo</strong></span> <span class='ocrx_word' id='word_1_57' title='bbox 633 2052 737 2138; x_wconf 90' lang='lat' dir='ltr'><strong>majus</strong></span> <span class='ocrx_word' id='word_1_58' title='bbox 765 2063 813 2116; x_wconf 91' lang='lat' dir='ltr'><strong>est</strong></span> <span class='ocrx_word' id='word_1_59' title='bbox 839 2050 928 2136; x_wconf 93' lang='lat' dir='ltr'><strong>quod</strong></span> <span class='ocrx_word' id='word_1_60' title='bbox 955 2050 1033 2113; x_wconf 91' lang='lat' dir='ltr'><strong>mihi</strong></span> <span class='ocrx_word' id='word_1_61' title='bbox 1060 2049 1226 2135; x_wconf 89' lang='lat' dir='ltr'><strong>diligentia</strong></span> <span class='ocrx_word' id='word_1_62' title='bbox 1253 2061 1357 2113; x_wconf 85' lang='lat' dir='ltr'><strong>vestra</strong></span> <span class='ocrx_word' id='word_1_63' title='bbox 1385 2071 1459 2134; x_wconf 91' lang='lat' dir='ltr'><strong>pro-</strong></span> <span class='ocrx_word' id='word_1_64' title='bbox 1570 2042 1575 2062; x_wconf 66' lang='lat'>⁸</span> 
     </span>
    </p>
   </div>
   <div class='ocr_carea' id='block_1_6' title="bbox 488 2149 1457 4564">
    <p class='ocr_par' dir='ltr' id='par_1_6' title="bbox 488 2149 1457 4564">
     <span class='ocr_line' id='line_1_12' title="bbox 500 2149 1457 2236; baseline 0.002 -23"><span class='ocrx_word' id='word_1_65' title='bbox 500 2150 616 2236; x_wconf 88' lang='lat' dir='ltr'><strong>spexit,</strong></span> <span class='ocrx_word' id='word_1_66' title='bbox 633 2175 672 2215; x_wconf 90' lang='lat' dir='ltr'><strong>ne</strong></span> <span class='ocrx_word' id='word_1_67' title='bbox 687 2175 705 2214; x_wconf 89' lang='lat' dir='ltr'><strong>a</strong></span> <span class='ocrx_word' id='word_1_68' title='bbox 722 2150 835 2215; x_wconf 90' lang='lat' dir='ltr'><strong>natalis</strong></span> <span class='ocrx_word' id='word_1_69' title='bbox 850 2149 908 2213; x_wconf 88' lang='lat' dir='ltr'><strong>soli</strong></span> <span class='ocrx_word' id='word_1_70' title='bbox 926 2149 1106 2227; x_wconf 82' lang='lat' dir='ltr'><strong>dulcedine,</strong></span> <span class='ocrx_word' id='word_1_71' title='bbox 1121 2172 1188 2235; x_wconf 91' lang='lat' dir='ltr'><strong>qua</strong></span> <span class='ocrx_word' id='word_1_72' title='bbox 1210 2150 1309 2214; x_wconf 87' lang='lat' dir='ltr'><strong>totius</strong></span> <span class='ocrx_word' id='word_1_73' title='bbox 1326 2149 1457 2215; x_wconf 89' lang='lat' dir='ltr'><strong>humani</strong></span> 
     </span>
     <span class='ocr_line' id='line_1_13' title="bbox 499 2251 1457 2338; baseline 0.002 -23"><span class='ocrx_word' id='word_1_74' title='bbox 499 2252 621 2335; x_wconf 87' lang='lat' dir='ltr'><strong>generis</strong></span> <span class='ocrx_word' id='word_1_75' title='bbox 637 2252 824 2317; x_wconf 83' lang='lat' dir='ltr'><strong>universitas</strong></span> <span class='ocrx_word' id='word_1_76' title='bbox 839 2251 977 2337; x_wconf 90' lang='lat' dir='ltr'><strong>capitur,</strong></span> <span class='ocrx_word' id='word_1_77' title='bbox 994 2266 1149 2338; x_wconf 90' lang='lat' dir='ltr'><strong>perpetuo</strong></span> <span class='ocrx_word' id='word_1_78' title='bbox 1164 2252 1341 2317; x_wconf 87' lang='lat' dir='ltr'><strong>exularem.</strong></span> <span class='ocrx_word' id='word_1_79' title='bbox 1380 2253 1457 2317; x_wconf 87' lang='lat' dir='ltr'><strong>Ves-</strong></span> 
     </span>
     <span class='ocr_line' id='line_1_14' title="bbox 498 2352 1456 2441; baseline 0.002 -25"><span class='ocrx_word' id='word_1_80' title='bbox 498 2364 584 2418; x_wconf 93' lang='lat' dir='ltr'><strong>trum</strong></span> <span class='ocrx_word' id='word_1_81' title='bbox 604 2377 741 2441; x_wconf 89' lang='lat' dir='ltr'><strong>namque</strong></span> <span class='ocrx_word' id='word_1_82' title='bbox 762 2377 879 2418; x_wconf 92' lang='lat' dir='ltr'><strong>munus</strong></span> <span class='ocrx_word' id='word_1_83' title='bbox 901 2366 959 2429; x_wconf 87' lang='lat' dir='ltr'><strong>est,</strong></span> <span class='ocrx_word' id='word_1_84' title='bbox 977 2352 1065 2439; x_wconf 93' lang='lat' dir='ltr'><strong>quod</strong></span> <span class='ocrx_word' id='word_1_85' title='bbox 1085 2374 1231 2416; x_wconf 89' lang='lat' dir='ltr'><strong>reversus</strong></span> <span class='ocrx_word' id='word_1_86' title='bbox 1250 2375 1321 2416; x_wconf 89' lang='lat' dir='ltr'><strong>sum</strong></span> <span class='ocrx_word' id='word_1_87' title='bbox 1341 2353 1373 2417; x_wconf 91' lang='lat' dir='ltr'><strong>in</strong></span> <span class='ocrx_word' id='word_1_88' title='bbox 1395 2366 1456 2418; x_wconf 90' lang='lat' dir='ltr'><strong>ter-</strong></span> 
     </span>
     <span class='ocr_line' id='line_1_15' title="bbox 497 2455 1456 2541; baseline 0.002 -24"><span class='ocrx_word' id='word_1_89' title='bbox 497 2477 564 2518; x_wconf 89' lang='lat' dir='ltr'><strong>ram</strong></span> <span class='ocrx_word' id='word_1_90' title='bbox 580 2457 757 2521; x_wconf 88' lang='lat' dir='ltr'><strong>nativitatis</strong></span> <span class='ocrx_word' id='word_1_91' title='bbox 778 2479 870 2520; x_wconf 90' lang='lat' dir='ltr'><strong>meae:</strong></span> <span class='ocrx_word' id='word_1_92' title='bbox 895 2467 1035 2518; x_wconf 91' lang='lat' dir='ltr'><strong>vestrum</strong></span> <span class='ocrx_word' id='word_1_93' title='bbox 1057 2477 1175 2518; x_wconf 90' lang='lat' dir='ltr'><strong>munus</strong></span> <span class='ocrx_word' id='word_1_94' title='bbox 1195 2455 1347 2540; x_wconf 90' lang='lat' dir='ltr'><strong>estquod</strong></span> <span class='ocrx_word' id='word_1_95' title='bbox 1370 2455 1456 2541; x_wconf 88' lang='lat' dir='ltr'><strong>prin-</strong></span> 
     </span>
     <span class='ocr_line' id='line_1_16' title="bbox 497 2555 1455 2640; baseline 0.002 -22"><span class='ocrx_word' id='word_1_96' title='bbox 497 2559 605 2640; x_wconf 90' lang='lat' dir='ltr'><strong>cipum</strong></span> <span class='ocrx_word' id='word_1_97' title='bbox 618 2559 756 2622; x_wconf 86' lang='lat' dir='ltr'><strong>virorum</strong></span> <span class='ocrx_word' id='word_1_98' title='bbox 768 2570 931 2622; x_wconf 85' lang='lat' dir='ltr'><strong>assecutus</strong></span> <span class='ocrx_word' id='word_1_99' title='bbox 944 2578 1012 2619; x_wconf 90' lang='lat' dir='ltr'><strong>sum</strong></span> <span class='ocrx_word' id='word_1_100' title='bbox 1026 2556 1184 2631; x_wconf 88' lang='lat' dir='ltr'><strong>notitiam,</strong></span> <span class='ocrx_word' id='word_1_101' title='bbox 1195 2555 1455 2632; x_wconf 78' lang='lat' dir='ltr'><strong>familiaritatem,</strong></span> 
     </span>
     <span class='ocr_line' id='line_1_17' title="bbox 496 2658 1453 2744; baseline 0.002 -24"><span class='ocrx_word' id='word_1_102' title='bbox 496 2659 697 2744; x_wconf 84' lang='lat' dir='ltr'><strong>gratiamque</strong></span> <span class='ocrx_word' id='word_1_103' title='bbox 731 2659 924 2722; x_wconf 91' lang='lat' dir='ltr'><strong>multorum:</strong></span> <span class='ocrx_word' id='word_1_104' title='bbox 960 2671 1103 2721; x_wconf 87' lang='lat' dir='ltr'><strong>vestrum</strong></span> <span class='ocrx_word' id='word_1_105' title='bbox 1139 2679 1257 2719; x_wconf 90' lang='lat' dir='ltr'><strong>munus</strong></span> <span class='ocrx_word' id='word_1_106' title='bbox 1286 2672 1333 2720; x_wconf 91' lang='lat' dir='ltr'><strong>est</strong></span> <span class='ocrx_word' id='word_1_107' title='bbox 1364 2658 1453 2742; x_wconf 92' lang='lat' dir='ltr'><strong>quod</strong></span> 
     </span>
     <span class='ocr_line' id='line_1_18' title="bbox 497 2754 1453 2840; baseline 0.003 -23"><span class='ocrx_word' id='word_1_108' title='bbox 497 2754 609 2819; x_wconf 91' lang='lat' dir='ltr'><strong>florere</strong></span> <span class='ocrx_word' id='word_1_109' title='bbox 634 2757 666 2819; x_wconf 92' lang='lat' dir='ltr'><strong>in</strong></span> <span class='ocrx_word' id='word_1_110' title='bbox 693 2757 797 2840; x_wconf 88' lang='lat' dir='ltr'><strong>patria</strong></span> <span class='ocrx_word' id='word_1_111' title='bbox 819 2756 940 2830; x_wconf 88' lang='lat' dir='ltr'><strong>videor,</strong></span> <span class='ocrx_word' id='word_1_112' title='bbox 962 2768 996 2820; x_wconf 94' lang='lat' dir='ltr'><strong>et</strong></span> <span class='ocrx_word' id='word_1_113' title='bbox 1021 2769 1150 2819; x_wconf 88' lang='lat' dir='ltr'><strong>auctore</strong></span> <span class='ocrx_word' id='word_1_114' title='bbox 1177 2755 1317 2818; x_wconf 91' lang='lat' dir='ltr'><strong>Domino</strong></span> <span class='ocrx_word' id='word_1_115' title='bbox 1342 2756 1453 2820; x_wconf 87' lang='lat' dir='ltr'><strong>multis</strong></span> 
     </span>
     <span class='ocr_line' id='line_1_19' title="bbox 496 2855 1452 2942; baseline 0.003 -22"><span class='ocrx_word' id='word_1_116' title='bbox 496 2857 641 2942; x_wconf 85' lang='lat' dir='ltr'><strong>praeferri</strong></span> <span class='ocrx_word' id='word_1_117' title='bbox 657 2857 852 2935; x_wconf 89' lang='lat' dir='ltr'><strong>concivibus,</strong></span> <span class='ocrx_word' id='word_1_118' title='bbox 867 2870 899 2921; x_wconf 88' lang='lat' dir='ltr'><strong>et</strong></span> <span class='ocrx_word' id='word_1_119' title='bbox 915 2857 1082 2922; x_wconf 75' lang='lat' dir='ltr'><strong>coaetaneis</strong></span> <span class='ocrx_word' id='word_1_120' title='bbox 1098 2855 1184 2920; x_wconf 85' lang='lat' dir='ltr'><strong>meis.</strong></span> <span class='ocrx_word' id='word_1_121' title='bbox 1230 2855 1292 2920; x_wconf 87' lang='lat' dir='ltr'><strong>Sed</strong></span> <span class='ocrx_word' id='word_1_122' title='bbox 1309 2857 1389 2941; x_wconf 93' lang='lat' dir='ltr'><strong>quid</strong></span> <span class='ocrx_word' id='word_1_123' title='bbox 1404 2872 1452 2923; x_wconf 91' lang='lat' dir='ltr'><strong>est</strong></span> 
     </span>
     <span class='ocr_line' id='line_1_20' title="bbox 497 2954 1454 3044; baseline -0.001 -21"><span class='ocrx_word' id='word_1_124' title='bbox 497 2959 584 3044; x_wconf 92' lang='lat' dir='ltr'><strong>quod</strong></span> <span class='ocrx_word' id='word_1_125' title='bbox 600 2956 798 3023; x_wconf 88' lang='lat' dir='ltr'><strong>liberalitatis</strong></span> <span class='ocrx_word' id='word_1_126' title='bbox 812 2972 844 3021; x_wconf 94' lang='lat' dir='ltr'><strong>et</strong></span> <span class='ocrx_word' id='word_1_127' title='bbox 860 2956 1084 3021; x_wconf 79' lang='lat' dir='ltr'><strong>munificentiae</strong></span> <span class='ocrx_word' id='word_1_128' title='bbox 1100 2968 1214 3021; x_wconf 84' lang='lat' dir='ltr'><strong>vestrae</strong></span> <span class='ocrx_word' id='word_1_129' title='bbox 1230 2954 1341 3020; x_wconf 90' lang='lat' dir='ltr'><strong>titulos</strong></span> <span class='ocrx_word' id='word_1_130' title='bbox 1356 2980 1454 3022; x_wconf 89' lang='lat' dir='ltr'><strong>mem-</strong></span> 
     </span>
     <span class='ocr_line' id='line_1_21' title="bbox 495 3058 1453 3147; baseline 0 -22"><span class='ocrx_word' id='word_1_131' title='bbox 495 3062 611 3126; x_wconf 88' lang='lat' dir='ltr'><strong>bratim</strong></span> <span class='ocrx_word' id='word_1_132' title='bbox 624 3083 775 3147; x_wconf 88' lang='lat' dir='ltr'><strong>exequor,</strong></span> <span class='ocrx_word' id='word_1_133' title='bbox 788 3083 889 3146; x_wconf 91' lang='lat' dir='ltr'><strong>quum</strong></span> <span class='ocrx_word' id='word_1_134' title='bbox 906 3059 1032 3123; x_wconf 93' lang='lat' dir='ltr'><strong>illorum</strong></span> <span class='ocrx_word' id='word_1_135' title='bbox 1043 3080 1196 3121; x_wconf 90' lang='lat' dir='ltr'><strong>numerus</strong></span> <span class='ocrx_word' id='word_1_136' title='bbox 1211 3070 1243 3122; x_wconf 91' lang='lat' dir='ltr'><strong>et</strong></span> <span class='ocrx_word' id='word_1_137' title='bbox 1258 3058 1453 3125; x_wconf 88' lang='lat' dir='ltr'><strong>immensitas</strong></span> 
     </span>
     <span class='ocr_line' id='line_1_22' title="bbox 495 3159 1451 3248; baseline 0 -21"><span class='ocrx_word' id='word_1_138' title='bbox 495 3163 540 3227; x_wconf 88' lang='lat' dir='ltr'><strong>sic</strong></span> <span class='ocrx_word' id='word_1_139' title='bbox 570 3175 675 3227; x_wconf 91' lang='lat' dir='ltr'><strong>totum</strong></span> <span class='ocrx_word' id='word_1_140' title='bbox 701 3163 841 3227; x_wconf 90' lang='lat' dir='ltr'><strong>animum</strong></span> <span class='ocrx_word' id='word_1_141' title='bbox 867 3162 1031 3248; x_wconf 91' lang='lat' dir='ltr'><strong>impleant,</strong></span> <span class='ocrx_word' id='word_1_142' title='bbox 1058 3174 1094 3226; x_wconf 93' lang='lat' dir='ltr'><strong>ut</strong></span> <span class='ocrx_word' id='word_1_143' title='bbox 1120 3159 1263 3239; x_wconf 88' lang='lat' dir='ltr'><strong>effluant,</strong></span> <span class='ocrx_word' id='word_1_144' title='bbox 1289 3174 1321 3225; x_wconf 90' lang='lat' dir='ltr'><strong>et</strong></span> <span class='ocrx_word' id='word_1_145' title='bbox 1352 3162 1451 3227; x_wconf 86' lang='lat' dir='ltr'><strong>totius</strong></span> 
     </span>
     <span class='ocr_line' id='line_1_23' title="bbox 495 3261 1448 3351; baseline 0.005 -26"><span class='ocrx_word' id='word_1_146' title='bbox 495 3268 610 3329; x_wconf 88' lang='lat' dir='ltr'><strong>mentis</strong></span> <span class='ocrx_word' id='word_1_147' title='bbox 643 3264 849 3351; x_wconf 89' lang='lat' dir='ltr'><strong>capacitatem</strong></span> <span class='ocrx_word' id='word_1_148' title='bbox 882 3267 1098 3350; x_wconf 86' lang='lat' dir='ltr'><strong>exsuperent?</strong></span> <span class='ocrx_word' id='word_1_149' title='bbox 1136 3261 1216 3327; x_wconf 89' lang='lat' dir='ltr'><strong>adeo</strong></span> <span class='ocrx_word' id='word_1_150' title='bbox 1244 3262 1385 3349; x_wconf 85' lang='lat' dir='ltr'><strong>quidem,</strong></span> <span class='ocrx_word' id='word_1_151' title='bbox 1411 3278 1448 3330; x_wconf 91' lang='lat' dir='ltr'><strong>ut</strong></span> 
     </span>
     <span class='ocr_line' id='line_1_24' title="bbox 494 3364 1447 3452; baseline 0.004 -24"><span class='ocrx_word' id='word_1_152' title='bbox 494 3365 545 3429; x_wconf 83' lang='lat' dir='ltr'><strong>vel</strong></span> <span class='ocrx_word' id='word_1_153' title='bbox 570 3366 626 3430; x_wconf 89' lang='lat' dir='ltr'><strong>illa</strong></span> <span class='ocrx_word' id='word_1_154' title='bbox 655 3368 732 3443; x_wconf 90' lang='lat' dir='ltr'><strong>sola,</strong></span> <span class='ocrx_word' id='word_1_155' title='bbox 757 3389 831 3452; x_wconf 89' lang='lat' dir='ltr'><strong>quae</strong></span> <span class='ocrx_word' id='word_1_156' title='bbox 864 3389 926 3430; x_wconf 92' lang='lat' dir='ltr'><strong>non</strong></span> <span class='ocrx_word' id='word_1_157' title='bbox 956 3364 1077 3429; x_wconf 85' lang='lat' dir='ltr'><strong>sufficio</strong></span> <span class='ocrx_word' id='word_1_158' title='bbox 1110 3364 1280 3443; x_wconf 89' lang='lat' dir='ltr'><strong>recordari,</strong></span> <span class='ocrx_word' id='word_1_159' title='bbox 1307 3365 1447 3433; x_wconf 87' lang='lat' dir='ltr'><strong>debeant</strong></span> 
     </span>
     <span class='ocr_line' id='line_1_25' title="bbox 493 3465 1448 3554; baseline 0.003 -24"><span class='ocrx_word' id='word_1_160' title='bbox 493 3469 645 3532; x_wconf 88' lang='lat' dir='ltr'><strong>meruisse</strong></span> <span class='ocrx_word' id='word_1_161' title='bbox 660 3468 815 3554; x_wconf 93' lang='lat' dir='ltr'><strong>quicquid</strong></span> <span class='ocrx_word' id='word_1_162' title='bbox 831 3490 902 3533; x_wconf 92' lang='lat' dir='ltr'><strong>sum</strong></span> <span class='ocrx_word' id='word_1_163' title='bbox 917 3479 949 3531; x_wconf 91' lang='lat' dir='ltr'><strong>et</strong></span> <span class='ocrx_word' id='word_1_164' title='bbox 969 3489 1108 3553; x_wconf 88' lang='lat' dir='ltr'><strong>possum.</strong></span> <span class='ocrx_word' id='word_1_165' title='bbox 1153 3465 1325 3551; x_wconf 86' lang='lat' dir='ltr'><strong>Obligatus</strong></span> <span class='ocrx_word' id='word_1_166' title='bbox 1340 3468 1448 3554; x_wconf 88' lang='lat' dir='ltr'><strong>itaque</strong></span> 
     </span>
     <span class='ocr_line' id='line_1_26' title="bbox 493 3567 1447 3653; baseline 0.003 -22"><span class='ocrx_word' id='word_1_167' title='bbox 493 3590 573 3646; x_wconf 89' lang='lat' dir='ltr'><strong>sum,</strong></span> <span class='ocrx_word' id='word_1_168' title='bbox 605 3582 641 3633; x_wconf 90' lang='lat' dir='ltr'><strong>ut</strong></span> <span class='ocrx_word' id='word_1_169' title='bbox 671 3569 761 3633; x_wconf 89' lang='lat' dir='ltr'><strong>nulla</strong></span> <span class='ocrx_word' id='word_1_170' title='bbox 796 3572 973 3653; x_wconf 89' lang='lat' dir='ltr'><strong>gratiarum</strong></span> <span class='ocrx_word' id='word_1_171' title='bbox 1003 3569 1126 3632; x_wconf 89' lang='lat' dir='ltr'><strong>actione</strong></span> <span class='ocrx_word' id='word_1_172' title='bbox 1156 3567 1277 3631; x_wconf 83' lang='lat' dir='ltr'><strong>valeam</strong></span> <span class='ocrx_word' id='word_1_173' title='bbox 1307 3569 1447 3649; x_wconf 90' lang='lat' dir='ltr'><strong>liberari,</strong></span> 
     </span>
     <span class='ocr_line' id='line_1_27' title="bbox 491 3669 1447 3754; baseline 0.003 -22"><span class='ocrx_word' id='word_1_174' title='bbox 491 3688 591 3754; x_wconf 91' lang='lat' dir='ltr'><strong>quum</strong></span> <span class='ocrx_word' id='word_1_175' title='bbox 608 3669 720 3733; x_wconf 89' lang='lat' dir='ltr'><strong>merita</strong></span> <span class='ocrx_word' id='word_1_176' title='bbox 735 3682 842 3734; x_wconf 88' lang='lat' dir='ltr'><strong>vestra</strong></span> <span class='ocrx_word' id='word_1_177' title='bbox 864 3691 973 3733; x_wconf 88' lang='lat' dir='ltr'><strong>omnes</strong></span> <span class='ocrx_word' id='word_1_178' title='bbox 992 3682 1124 3733; x_wconf 87' lang='lat' dir='ltr'><strong>conatus</strong></span> <span class='ocrx_word' id='word_1_179' title='bbox 1144 3691 1230 3731; x_wconf 89' lang='lat' dir='ltr'><strong>meos</strong></span> <span class='ocrx_word' id='word_1_180' title='bbox 1245 3669 1447 3748; x_wconf 87' lang='lat' dir='ltr'><strong>absorbeant,</strong></span> 
     </span>
     <span class='ocr_line' id='line_1_28' title="bbox 490 3770 1447 3857; baseline 0.002 -23"><span class='ocrx_word' id='word_1_181' title='bbox 490 3772 666 3855; x_wconf 90' lang='lat' dir='ltr'><strong>praesertim</strong></span> <span class='ocrx_word' id='word_1_182' title='bbox 698 3794 800 3857; x_wconf 91' lang='lat' dir='ltr'><strong>quum</strong></span> <span class='ocrx_word' id='word_1_183' title='bbox 831 3771 960 3836; x_wconf 91' lang='lat' dir='ltr'><strong>devotio</strong></span> <span class='ocrx_word' id='word_1_184' title='bbox 988 3781 1092 3834; x_wconf 89' lang='lat' dir='ltr'><strong>vestra</strong></span> <span class='ocrx_word' id='word_1_185' title='bbox 1121 3793 1172 3833; x_wconf 89' lang='lat' dir='ltr'><strong>me</strong></span> <span class='ocrx_word' id='word_1_186' title='bbox 1198 3770 1259 3833; x_wconf 88' lang='lat' dir='ltr'><strong>sibi</strong></span> <span class='ocrx_word' id='word_1_187' title='bbox 1288 3771 1447 3836; x_wconf 89' lang='lat' dir='ltr'><strong>continuis</strong></span> 
     </span>
     <span class='ocr_line' id='line_1_29' title="bbox 489 3869 1447 3958; baseline 0.002 -23"><span class='ocrx_word' id='word_1_188' title='bbox 489 3873 610 3958; x_wconf 89' lang='lat' dir='ltr'><strong>obliget</strong></span> <span class='ocrx_word' id='word_1_189' title='bbox 624 3872 794 3937; x_wconf 88' lang='lat' dir='ltr'><strong>beneficiis.</strong></span> <span class='ocrx_word' id='word_1_190' title='bbox 840 3874 923 3935; x_wconf 91' lang='lat' dir='ltr'><strong>Nam</strong></span> <span class='ocrx_word' id='word_1_191' title='bbox 939 3872 1066 3935; x_wconf 91' lang='lat' dir='ltr'><strong>etmihi</strong></span> <span class='ocrx_word' id='word_1_192' title='bbox 1086 3893 1200 3956; x_wconf 90' lang='lat' dir='ltr'><strong>panem</strong></span> <span class='ocrx_word' id='word_1_193' title='bbox 1223 3869 1447 3955; x_wconf 85' lang='lat' dir='ltr'><strong>quotidianum</strong></span> 
     </span>
     <span class='ocr_line' id='line_1_30' title="bbox 488 3973 1444 4058; baseline 0.001 -21"><span class='ocrx_word' id='word_1_194' title='bbox 488 3987 637 4058; x_wconf 91' lang='lat' dir='ltr'><strong>procurat</strong></span> <span class='ocrx_word' id='word_1_195' title='bbox 659 3986 763 4038; x_wconf 88' lang='lat' dir='ltr'><strong>vestra</strong></span> <span class='ocrx_word' id='word_1_196' title='bbox 784 3973 941 4058; x_wconf 88' lang='lat' dir='ltr'><strong>dignatio,</strong></span> <span class='ocrx_word' id='word_1_197' title='bbox 964 3985 997 4037; x_wconf 88' lang='lat' dir='ltr'><strong>et</strong></span> <span class='ocrx_word' id='word_1_198' title='bbox 1019 3996 1094 4058; x_wconf 84' lang='lat' dir='ltr'><strong>quae</strong></span> <span class='ocrx_word' id='word_1_199' title='bbox 1115 3992 1288 4057; x_wconf 85' lang='lat' dir='ltr'><strong>pauperem</strong></span> <span class='ocrx_word' id='word_1_200' title='bbox 1314 3994 1444 4057; x_wconf 89' lang='lat' dir='ltr'><strong>pascere</strong></span> 
     </span>
     <span class='ocr_line' id='line_1_31' title="bbox 491 4072 1447 4161; baseline 0.005 -25"><span class='ocrx_word' id='word_1_201' title='bbox 491 4089 697 4141; x_wconf 88' lang='lat' dir='ltr'><strong>consueverat</strong></span> <span class='ocrx_word' id='word_1_202' title='bbox 718 4074 948 4161; x_wconf 86' lang='lat' dir='ltr'><strong>temporalibus</strong></span> <span class='ocrx_word' id='word_1_203' title='bbox 963 4073 1130 4147; x_wconf 85' lang='lat' dir='ltr'><strong>alimentis,</strong></span> <span class='ocrx_word' id='word_1_204' title='bbox 1149 4093 1234 4136; x_wconf 90' lang='lat' dir='ltr'><strong>nunc</strong></span> <span class='ocrx_word' id='word_1_205' title='bbox 1249 4072 1326 4137; x_wconf 90' lang='lat' dir='ltr'><strong>alias</strong></span> <span class='ocrx_word' id='word_1_206' title='bbox 1346 4075 1447 4140; x_wconf 91' lang='lat' dir='ltr'><strong>abun·</strong></span> 
     </span>
     <span class='ocr_line' id='line_1_32' title="bbox 490 4172 1450 4262; baseline 0.004 -27"><span class='ocrx_word' id='word_1_207' title='bbox 490 4173 632 4252; x_wconf 91' lang='lat' dir='ltr'><strong>dantem,</strong></span> <span class='ocrx_word' id='word_1_208' title='bbox 659 4191 787 4241; x_wconf 87' lang='lat' dir='ltr'><strong>aeternae</strong></span> <span class='ocrx_word' id='word_1_209' title='bbox 818 4176 893 4240; x_wconf 84' lang='lat' dir='ltr'><strong>vitae</strong></span> <span class='ocrx_word' id='word_1_210' title='bbox 919 4173 1155 4262; x_wconf 90' lang='lat' dir='ltr'><strong>quodammodo</strong></span> <span class='ocrx_word' id='word_1_211' title='bbox 1184 4172 1305 4237; x_wconf 88' lang='lat' dir='ltr'><strong>deliciis</strong></span> <span class='ocrx_word' id='word_1_212' title='bbox 1334 4175 1450 4240; x_wconf 75' lang='lat' dir='ltr'><strong>reficis.¹</strong></span> 
     </span>
     <span class='ocr_line' id='line_1_33' title="bbox 491 4274 1446 4364; baseline 0.004 -28"><span class='ocrx_word' id='word_1_213' title='bbox 491 4274 640 4339; x_wconf 87' lang='lat' dir='ltr'><strong>Profecto</strong></span> <span class='ocrx_word' id='word_1_214' title='bbox 669 4278 859 4364; x_wconf 89' lang='lat' dir='ltr'><strong>cuicumque</strong></span> <span class='ocrx_word' id='word_1_215' title='bbox 888 4277 979 4342; x_wconf 88' lang='lat' dir='ltr'><strong>cibus</strong></span> <span class='ocrx_word' id='word_1_216' title='bbox 1009 4277 1061 4341; x_wconf 88' lang='lat' dir='ltr'><strong>bic</strong></span> <span class='ocrx_word' id='word_1_217' title='bbox 1092 4300 1153 4341; x_wconf 91' lang='lat' dir='ltr'><strong>non</strong></span> <span class='ocrx_word' id='word_1_218' title='bbox 1177 4274 1343 4353; x_wconf 90' lang='lat' dir='ltr'><strong>dulcescit,</strong></span> <span class='ocrx_word' id='word_1_219' title='bbox 1365 4276 1446 4340; x_wconf 85' lang='lat' dir='ltr'><strong>infa-</strong></span> 
     </span>
     <span class='ocr_line' id='line_1_34' title="bbox 490 4376 1448 4465; baseline -0.001 -25"><span class='ocrx_word' id='word_1_220' title='bbox 490 4389 602 4440; x_wconf 90' lang='lat' dir='ltr'><strong>tuatus</strong></span> <span class='ocrx_word' id='word_1_221' title='bbox 627 4390 674 4442; x_wconf 89' lang='lat' dir='ltr'><strong>est</strong></span> <span class='ocrx_word' id='word_1_222' title='bbox 701 4379 860 4464; x_wconf 88' lang='lat' dir='ltr'><strong>insipienti</strong></span> <span class='ocrx_word' id='word_1_223' title='bbox 884 4380 1040 4465; x_wconf 90' lang='lat' dir='ltr'><strong>languore</strong></span> <span class='ocrx_word' id='word_1_224' title='bbox 1066 4380 1176 4465; x_wconf 84' lang='lat' dir='ltr'><strong>palati,</strong></span> <span class='ocrx_word' id='word_1_225' title='bbox 1199 4390 1230 4441; x_wconf 89' lang='lat' dir='ltr'><strong>et</strong></span> <span class='ocrx_word' id='word_1_226' title='bbox 1254 4376 1357 4440; x_wconf 87' lang='lat' dir='ltr'><strong>nescio</strong></span> <span class='ocrx_word' id='word_1_227' title='bbox 1379 4398 1448 4461; x_wconf 85' lang='lat' dir='ltr'><strong>quu¹</strong></span> 
     </span>
     <span class='ocr_line' id='line_1_35' title="bbox 491 4493 658 4564; baseline 0.006 -22"><span class='ocrx_word' id='word_1_228' title='bbox 491 4501 571 4564; x_wconf 91' lang='lat' dir='ltr'><strong>pane</strong></span> <span class='ocrx_word' id='word_1_229' title='bbox 585 4493 658 4564; x_wconf 86' lang='lat' dir='ltr'><strong>eget</strong></span> 
     </span>
    </p>
   </div>
   <div class='ocr_carea' id='block_1_7' title="bbox 0 0 1942 5725">
    <p class='ocr_par' dir='ltr' id='par_1_7' title="bbox 0 0 1942 5725">
     <span class='ocr_line' id='line_1_36' title="bbox 0 0 1942 5725; baseline 0 8"><span class='ocrx_word' id='word_1_230' title='bbox 0 0 1942 5725; x_wconf 95' lang='lat' dir='ltr'><strong> </strong></span> 
     </span>
    </p>
   </div>
  </div>
 </body>
</html>
