3875 5725
427 845 621 927 Illis-dal
811 865 990 910 nrrsrocns.
1316 855 1375 913 193

424 1013 562 1080 abliliter
592 1038 828 1095 conservamus,
857 1018 961 1097 gravis
991 1028 1023 1079 et
1053 1039 1186 1081 onerosa
1216 1020 1374 1083 incumbit

422 1119 605 1194 necessitati,
616 1141 712 1203 quam
722 1129 824 1180 vestra
839 1119 949 1200 gratia,
961 1117 1000 1180 de
1017 1120 1258 1201 quaplun'rnum
1272 1121 1371 1182 confi·

423 1214 539 1290 dimus,
555 1237 728 1299 speramus,
751 1227 782 1278 et
800 1216 939 1297 petimus
961 1216 1129 1277 sublevari.
1174 1217 1259 1277 Nam
1283 1215 1371 1298 quod

422 1314 555 1379 sortasse
576 1317 783 1390 mirabimini,
806 1316 926 1379 addicti
950 1334 1060 1378 sumus
1090 1318 1199 1389 exilin,
1223 1327 1256 1380 et
1276 1318 1307 1380 in
1332 1341 1370 1380 eo
1451 1341 1453 1350 ·

417 1417 490 1501 jugi
511 1421 717 1483 sollicitamur
740 1431 770 1483 et
785 1431 967 1503 torquemur
990 1420 1144 1499 angustia.
1188 1420 1222 1482 Si
1238 1420 1371 1503 quidem

422 1521 558 1584 clericus
587 1522 715 1603 quidam
747 1521 841 1583 nobis
870 1522 964 1600 longe
995 1541 1119 1603 semper
1148 1521 1372 1598 amicissimus,

422 1621 515 1704 cujus
537 1624 645 1685 omnia
669 1634 733 1684 tam
755 1643 918 1703 prospera,
943 1642 1039 1703 quam
1061 1620 1193 1684 adversa
1222 1645 1241 1684 a
1264 1626 1373 1687 multis

422 1736 505 1786 retro
535 1724 731 1805 temporibus
753 1735 861 1785 nostra
883 1734 967 1794 sunt,
995 1723 1168 1784 litterarum
1195 1726 1373 1789 eruditione

423 1833 454 1884 et
469 1845 590 1886 morum
606 1825 784 1899 honestate,
800 1834 888 1886 tanto
910 1824 1037 1886 cunctis
1059 1825 1231 1904 probatior,
1253 1841 1372 1909 quanto

421 1926 535 2002 notior,
551 1927 592 1988 ab
609 1927 725 2007 Anglia
737 1927 847 1988 exulat
860 1924 946 2008 apud
962 1946 1033 1998 nos,
1044 1936 1142 1987 etnos
1158 1925 1245 1988 domi
1258 1939 1372 1992 nostrae

423 2027 590 2089 exulamus
620 2048 692 2090 cum
721 2026 787 2088 illo.
833 2023 978 2087 Sustinet
1006 2025 1092 2088 enim
1121 2025 1373 2108 indignationem

421 2128 505 2209 regis
522 2129 660 2211 Angliae,
676 2148 741 2190 non
757 2150 814 2190 suo
830 2127 961 2210 quidem
972 2127 1095 2205 merito,
1112 2122 1147 2189 nt
1162 2124 1203 2189 dc
1218 2140 1373 2192 nostrast

422 2228 524 2313 ipsius
546 2231 716 2314 loquamur
741 2229 947 2301 conscientia,
970 2228 1028 2290 sed
1052 2229 1127 2311 quia
1154 2231 1295 2292 Domino
1315 2252 1373 2294 suo

420 2329 641 2395 Cantuariensi
651 2332 904 2413 archiepiscopo,
915 2340 950 2393 ut
959 2331 1109 2413 oportuit,
1121 2332 1256 2396 servivit.
1281 2335 1313 2396 Is
1322 2344 1372 2396 est

421 2434 571 2514 magister
583 2435 727 2497 Joannes
751 2432 791 2495 de
815 2433 1006 2508 saresberia,
1021 2433 1139 2495 bonum
1155 2430 1372 2498 testimonium

419 2534 543 2598 habens
571 2537 772 2619 inpartibus
799 2535 978 2598 cismarinis
1000 2545 1031 2596 et
1054 2537 1279 2598 transmarinis.
1325 2539 1372 2601 Ut

422 2656 496 2716 ergo
519 2659 538 2698 a
566 2638 661 2699 nobis
682 2638 761 2719 ipsis
790 2647 852 2698 tam
876 2636 1009 2718 proprii,
1039 2657 1135 2718 quam
1164 2638 1260 2699 futuri
1283 2639 1374 2700 exilii

424 2735 597 2798 amoveatis
620 2736 794 2816 angustias,
817 2735 980 2797 dilectioni
1002 2745 1114 2796 vestrae
1129 2738 1282 2799 attentius
1297 2759 1374 2820 sup·
1444 2815 1446 2818 Ι

423 2836 591 2919 plicamus,
613 2846 648 2897 ut
663 2856 735 2898 eum
759 2836 936 2898 interventu
961 2834 1088 2896 comitis
1112 2833 1320 2899 Flandrensis
1342 2849 1373 2901 et

422 2947 538 3014 vestro,
553 2937 765 3000 reconcilietis
787 2936 852 3018 regi
869 2937 1056 3016 Anglorum,
1073 2947 1105 2999 et
1126 2938 1210 3000 sicut
1233 2938 1375 3003 videritis

423 3037 583 3121 expedire,
598 3036 628 3100 ei
642 3036 762 3099 litteras
777 3035 860 3115 regis
876 3044 1022 3117 patentes
1037 3036 1240 3119 perquiratis,
1255 3040 1374 3121 quibus

424 3161 536 3203 secure
547 3138 666 3214 redeat,
677 3149 709 3201 et
720 3138 786 3201 suis
795 3137 829 3198 in
839 3157 920 3219 pace
931 3136 1053 3199 fruatur
1063 3138 1168 3200 bonis.
1192 3138 1373 3224 sciatisque

423 3263 481 3326 pro
504 3251 591 3303 certo
613 3241 688 3323 quia
710 3260 769 3301 nos
790 3240 824 3301 in
845 3239 936 3302 nulla
956 3260 990 3300 re
1012 3239 1113 3320 magis
1134 3241 1278 3321 poteritis
1302 3264 1373 3325 pro·

423 3343 546 3420 mereri,
561 3363 621 3405 nee
648 3352 697 3405 est
718 3340 805 3424 quod
829 3340 1046 3413 dissimuletis,
1063 3340 1138 3424 quia
1160 3352 1287 3405 constat
1300 3346 1373 3425 plu·

423 3446 522 3521 ribus,
551 3454 740 3528 potestatem
769 3443 862 3506 vobis
888 3463 957 3505 esse
988 3444 1148 3519 collatam,
1170 3444 1197 3505 si
1226 3446 1373 3509 voluntas

423 3548 569 3613 adfuerit.

444 3750 664 3815 EPISTOLA
688 3750 980 3813 CXXXVll.-an
995 3767 1155 3812 uuonan
1171 3767 1358 3812 umscorun

790 3864 1006 3910 nonrnonnn.

723 4019 861 4083 Domino
875 4015 1069 4079 Morinensi.

467 4140 642 4202 Tunrfflo
679 4139 777 4204 fidem
807 4139 932 4222 probat,
962 4149 995 4200 et
1023 4136 1149 4200 affectio
1185 4138 1301 4201 mentis
1330 4161 1372 4204 ex

426 4236 576 4320 operibus
591 4239 776 4303 fidelissime
790 4237 975 4314 innotescit,
991 4235 1167 4321 etquidem
1185 4259 1283 4322 quum
1306 4249 1375 4303 tota

425 4340 675 4415 cantuariensis,
684 4341 782 4403 immo
793 4338 969 4421 Anglorum
984 4339 1227 4404 ecclesiafidem
1237 4352 1375 4403 vestram

424 4449 559 4523 experta
588 4440 638 4517 sit,
661 4453 693 4503 et
721 4444 889 4525 probatam
915 4442 989 4525 jure
1020 4442 1203 4524 aequissimo
1225 4438 1382 4523 praedicet

465 4560 540 4607 VOL.
558 4562 583 4605 1.
892 4561 911 4603 0
