3875 5725
438 852 631 930 1165-66.]
818 873 996 918 nersronrn.
1323 862 1387 922 205

436 1022 623 1086 cismarinis.
669 1024 777 1085 Retuli
801 1025 862 1087 hoc
887 1027 927 1088 ad
950 1026 1117 1088 dominnm
1139 1046 1270 1108 papam,
1286 1038 1318 1090 ct
1339 1049 1389 1091 re-

434 1124 565 1207 spondit
579 1147 684 1205 regem
699 1139 731 1187 et
746 1127 866 1188 curiam
889 1128 1146 1211 interpretaturos
1159 1127 1258 1190 fuisse
1274 1140 1385 1192 contra

432 1246 501 1306 eJus
517 1226 680 1301 honorem,
695 1227 722 1288 si
738 1227 850 1310 quida
866 1249 917 1290 me
930 1230 1052 1290 sactum
1073 1239 1261 1308 agnosceret
1276 1242 1387 1293 contra

431 1325 531 1409 ipsius
546 1330 753 1405 voluntatem,
769 1341 801 1391 et
823 1328 973 1393 dissuasit
992 1351 1033 1391 ne
1056 1331 1116 1392 sub
1139 1350 1178 1391 ea
1200 1328 1386 1394 conditione

432 1427 578 1506 redirem,
601 1430 658 1492 sed
684 1444 896 1514 expectarem,
921 1442 956 1493 ut
982 1432 1029 1494 ira
1054 1431 1124 1513 ejus
1150 1431 1387 1513 aliquantulum

432 1528 613 1593 deferveret.
661 1531 788 1593 Deinde
817 1532 1067 1593 sollicitaverunt
1097 1553 1147 1592 me
1178 1531 1321 1612 quidam,
1351 1545 1388 1593 ut

432 1643 614 1712 praestarem
629 1632 843 1704 securitatem,
860 1629 947 1711 quod
961 1631 994 1692 in
1011 1632 1099 1692 nullo
1123 1629 1278 1713 deinceps
1295 1631 1387 1713 juva·

432 1751 499 1794 rem
514 1733 807 1814 archiepiscopum,
823 1742 858 1793 ut
873 1731 920 1792 sic
935 1730 1070 1792 redirem
1085 1731 1120 1791 in
1143 1731 1276 1810 gratiam
1292 1732 1386 1810 regis.

432 1831 505 1911 Ego
521 1841 637 1905 autem,
652 1833 728 1894 licet
741 1852 806 1893 non
823 1842 933 1893 tenear
954 1830 1199 1912 archiepiscopo
1222 1828 1262 1891 ad
1284 1830 1388 1894 fideli·

433 1940 530 1996 tatem
542 1954 582 1996 ex
598 1932 741 1995 hominio
754 1933 803 1994 vel
812 1932 1006 2016 juramento,
1018 1952 1078 1994 nec
1095 1930 1169 1993 fidei
1183 1930 1389 2012 obligatione,

434 2045 545 2118 utpote
574 2037 631 2118 qui
660 2035 740 2097 nihil
770 2035 799 2097 ei
830 2033 944 2111 debeo,
969 2034 1032 2096 nisi
1062 2032 1289 2110 obedientiam,
1316 2055 1387 2117 quae

434 2138 521 2202 omni
536 2139 690 2221 episcopo
706 2137 839 2200 debetur
853 2158 872 2198 a
887 2135 1043 2219 subjectis
1062 2134 1149 2198 suis:
1183 2135 1259 2218 quia
1281 2146 1387 2199 tamen

433 2240 636 2302 inhonestum
648 2239 769 2303 credidi
782 2260 852 2301 esse
865 2237 1031 2300 dominum
1042 2239 1212 2317 abnegare,
1224 2247 1257 2299 et
1272 2258 1388 2301 renun-

432 2340 510 2406 tiare
533 2341 737 2419 obedientiae,
758 2340 844 2424 quod
867 2341 975 2403 nullus
997 2339 1102 2403 adhuc
1126 2339 1166 2402 de
1192 2349 1261 2402 toto
1286 2361 1387 2420 regno

431 2442 516 2521 fecit,
529 2442 746 2506 conditionem
763 2444 846 2505 hanc
859 2442 1079 2524 recipiendam
1092 2462 1162 2504 esse
1177 2463 1241 2504 non
1254 2441 1386 2506 credidi.

433 2541 526 2606 Alias
541 2554 645 2605 autem
670 2542 824 2625 quicquid
843 2544 930 2604 salva
946 2543 1145 2604 couscientia
1160 2553 1191 2604 et
1206 2545 1289 2606 sama
1310 2564 1385 2625 pos-

435 2661 514 2714 sem,
534 2641 670 2702 libenter
691 2641 837 2702 facerem.
882 2641 989 2711 Quum
1013 2641 1083 2702 haec
1107 2640 1239 2705 domino
1263 2643 1386 2706 Rotho÷

434 2741 587 2822 megensi,
604 2740 644 2802 de
669 2762 734 2822 quo
758 2741 891 2801 multum
917 2738 1058 2816 confido,
1082 2760 1289 2819 exponerem,
1307 2743 1385 2805 mihi

435 2848 619 2905 constanter
632 2841 787 2904 auxilium
803 2839 990 2921 repromisit.
1029 2839 1161 2903 Placeat
1174 2841 1283 2924 itaque
1296 2843 1386 2906 robis

432 2943 513 3008 mihi
528 2944 707 3025 superhaec
729 2943 900 3004 rescribere
916 2941 1083 3004 consilium
1099 2951 1247 3019 vestrum,
1263 2943 1386 3006 sciatis-

435 3065 496 3128 que
511 3065 569 3127 pro
586 3057 682 3117 certo,
700 3044 775 3126 quia
795 3043 874 3106 mihi
896 3042 1096 3125 propositum
1111 3052 1170 3118 est,
1186 3052 1221 3105 ut
1238 3064 1302 3105 non
1325 3043 1384 3106 sim

434 3148 605 3210 decaetero
621 3145 765 3208 curialis:
791 3158 823 3206 et
837 3144 899 3206 hoc
916 3143 1019 3225 ipsum
1037 3145 1120 3205 bene
1132 3144 1222 3206 novit
1236 3143 1386 3208 dominus

438 3246 688 3324 Cantuariensis,
702 3268 722 3310 a
736 3246 828 3331 cujus
842 3266 893 3307 me
910 3244 1053 3307 subtraxi
1069 3245 1239 3325 consorti0,
1255 3245 1312 3309 sed
1326 3267 1386 3309 nec

437 3348 533 3412 fidem
551 3349 713 3424 subtraho,
728 3368 789 3410 nec
805 3347 979 3410 caritatem.

481 3604 703 3668 EPISTOLA
726 3604 969 3669 exuri-m
986 3623 1166 3668 Hanarcon
1182 3623 1337 3668 conrrnn

639 3724 829 3768 canalium.
880 3705 958 3784 [an.
979 3706 1173 3784 tlon-66]

770 3836 888 3898 Comttt
903 3836 1054 3897 Hearico.

480 3958 579 4028 Quor)
594 3955 790 4037 proscriptus
806 3963 838 4014 et
857 3954 945 4026 exul,
960 3964 1083 4015 tantam
1105 3953 1251 4034 alloquor
1272 3956 1386 4040 majesz

436 4062 546 4129 tatem,
559 4067 591 4117 et
606 4054 746 4137 publicis
756 4053 998 4115 incumbentem
1013 4052 1214 4125 utilitatibus,
1227 4053 1268 4116 ad
1282 4056 1388 4138 philo-

437 4156 644 4237 sophantium
673 4154 836 4231 exercitia,
865 4154 989 4216 inculto
1027 4153 1199 4235 praesertim
1231 4158 1325 4240 stylo,
1355 4170 1387 4222 et

437 4256 593 4335 exsangui
609 4277 723 4336 genere
740 4257 900 4331 dictionis,
914 4257 962 4318 rel
974 4254 1016 4318 ad
1031 4267 1228 4319 momentum
1241 4279 1387 4324 revocare

437 4376 534 4419 ausus
549 4378 628 4434 sum,
645 4359 810 4421 temeritati
828 4371 936 4442 posset
951 4358 1099 4433 adscribi,
1114 4359 1179 4422 nisi
1201 4362 1388 4442 parvitatem

436 4478 544 4520 meam
569 4458 833 4538 supereminentis
855 4460 1006 4521 bonitatis
1021 4470 1133 4523 restrae
1156 4460 1289 4539 erigeret
1310 4482 1387 4525 con·
