3875 5725
490 867 662 946 lton-8]
879 874 1058 932 ar1sro'nn.
1400 864 1443 932 2²9

488 1046 593 1097 torum
609 1047 799 1117 vestrorum,
815 1049 845 1101 et
863 1039 918 1122 jus
934 1055 1072 1104 vestrum
1090 1038 1247 1123 possimus
1263 1030 1442 1124 protestari.-

490 1135 625 1219 Siquid
649 1139 808 1224 estquod
832 1139 935 1203 nuntii
959 1141 1056 1204 vestri
1086 1139 1253 1204 attulerint
1283 1138 1370 1225 quod
1400 1139 1442 1202 ad

488 1233 731 1318 Wigornensem
752 1251 886 1323 spectat,
903 1239 968 1302 sine
991 1262 1079 1302 mora
1093 1239 1283 1304 exhibeatur
1306 1251 1338 1304 et
1360 1238 1388 1302 ei
1411 1251 1444 1302 et

488 1336 737 1424 archiepiscopo,

561 1565 786 1636 EPISTOLA
807 1557 1041 1635 XXVll.-an
1058 1574 1234 1636 anarannu
1251 1591 1370 1636 aaran.

744 1705 887 1767 Domino
902 1707 1008 1787 Papae
1025 1707 1183 1768 Adriano.

534 1837 781 1903 Immonnnarns
797 1857 885 1899 amor
908 1850 1028 1900 tantam
1052 1838 1130 1899 mihi
1154 1838 1245 1902 dedit
1266 1839 1444 1917 audaciam,

490 1951 526 2003 ut
539 1939 695 2002 solicitare
707 1954 895 2023 proesumem
909 1957 967 2023 pro
978 1940 1065 2014 meis,
1076 1951 1107 2002 et
1120 1939 1290 2004 amicorum
1303 1958 1445 2005 meorum

490 2039 741 2115 necessitatibus,
757 2062 858 2125 quum
877 2043 934 2103 sim
957 2040 1066 2125 pulvis
1081 2052 1112 2103 et
1134 2041 1222 2117 cinis,
1239 2043 1444 2124 apostolicam·

489 2142 705 2227 majestatem:
730 2161 840 2203 verum
857 2163 916 2225 pro
931 2140 981 2203 his
996 2139 1176 2204 fiducialius
1191 2142 1348 2227 supplico,
1363 2164 1445 2228 quos

488 2244 588 2321 vobis,
615 2256 707 2329 pater
737 2242 882 2318 amande,
910 2256 941 2307 et
973 2255 1090 2306 sanctae
1123 2241 1276 2306 Romanae
1305 2245 1445 2309 ecclesiae⁵

489 2345 646 2409 fideliores
675 2368 823 2430 agnosco,
849 2346 933 2409 inter
958 2368 1040 2430 quos
1066 2357 1113 2408 est
1140 2346 1329 2408 venerabilis
1355 2360 1447 2432 pater

490 2446 639 2511 dominus
656 2446 875 2519 Norwicensis‚
888 2447 944 2531 qui
961 2447 1043 2510 sicut
1059 2447 1247 2531 promptiori
1263 2460 1295 2511 et
1313 2447 1445 2531 pleniori

492 2547 661 2613 devotione
683 2549 876 2634 apostolatui
901 2562 1005 2611 vestro
1028 2548 1242 2624 submittitur,
1262 2548 1294 2612 in
1317 2549 1447 2612 ecclesia

492 2649 671 2733 Anglorum
689 2649 884 2713 fructuosius
899 2647 1082 2712 famulatur.
1130 2647 1180 2711 lta
1202 2648 1378 2712 manifestis
1394 2671 1446 2712 ca·

492 2749 622 2813 lumniis
637 2751 754 2834 saepius
769 2749 932 2832 affligitur,
949 2748 1101 2812 indebitis
1117 2751 1339 2813 vexationibus
1359 2773 1447 2814 man·

491 2851 641 2915 datorum
666 2864 844 2913 vestrorum
867 2853 1031 2914 occasione
1055 2851 1277 2935 prosternitur,
1301 2853 1383 2915 sicut
1406 2875 1445 2915 ex

493 2952 654 3038 rescriptis
670 2952 891 3036 episcoporum
907 2952 1041 3036 potestis
1056 2950 1228 3035 percipere.
1274 2952 1447 3016 Walclreli-

492 3078 552 3118 nus
567 3053 808 3117 archidiaconns
820 3052 1067 3137 comprehensus
1082 3051 1114 3113 in
1126 3052 1278 3136 operibus
1292 3075 1445 3117 manuum

491 3175 633 3228 suarum,
657 3164 693 3215 ut
717 3173 777 3213 non
803 3151 897 3214 modo
920 3151 1105 3215 mandatnm
1129 3163 1286 3230 nostrum,
1302 3153 1355 3216 sed
1375 3154 1447 3239 jus·

493 3256 595 3319 titiam
622 3253 753 3317 Domini
778 3266 921 3331 evacuet,
947 3265 978 3316 et
1003 3274 1159 3315 sacrarum
1184 3253 1447 3318 constitutionum

491 3356 631 3441 laqueos,
646 3367 678 3419 et
695 3353 845 3440 judicum
868 3373 982 3417 manus
1003 3353 1146 3437 effugiat,
1168 3353 1351 3438 religionem
1376 3380 1447 3419 ves·

491 3469 572 3523 tram
601 3458 830 3521 circumvenire
851 3456 979 3531 nititur,
1003 3456 1063 3520 sub
1089 3468 1249 3542 praetextu
1272 3470 1304 3521 et
1332 3457 1446 3522 habitu

491 3559 711 3634 restitutionis,
729 3579 828 3642 quum
845 3568 949 3619 tamen
971 3579 1028 3641 per
1049 3558 1156 3642 ipsum
1174 3557 1309 3631 steterit,
1326 3558 1447 3643 siquid

491 3661 518 3723 ei
542 3660 640 3736 deest,
660 3683 724 3745 quo
746 3658 851 3721 minus
873 3680 942 3721 eam
966 3658 1127 3722 habuerit.
1174 3660 1281 3721 Taceo
1304 3659 1392 3745 quod
1414 3660 1447 3723 in

491 3761 740 3846 redemptionem
757 3757 896 3821 criminis
916 3758 1017 3820 multa
1040 3758 1182 3842 promisit
1207 3757 1238 3821 in
1262 3770 1446 3844 contemptu

493 3861 772 3949 sedisapostolicae
787 3863 828 3923 ab
843 3882 880 3922 ea
896 3882 1054 3933 reversus,
1069 3859 1164 3942 plura
1179 3860 1345 3924 commisit.
1392 3862 1447 3924 Ad
1462 3896 1471 3904 -

492 3968 641 4054 injuriam
658 3977 794 4027 vestram
812 3962 923 4025 venio:
949 3961 1106 4047 spurium,
1122 3968 1216 4044 quem
1234 3960 1261 4023 ei
1278 3962 1450 4027 revertenti

473 4138 478 4146 ,
493 4094 512 4133 a
526 4068 615 4134 vobis
630 4065 751 4130 focaria
765 4062 899 4149 peperit,
914 4062 954 4125 de
969 4061 1181 4126 sacratissimo
1202 4063 1328 4126 nomine
1343 4076 1449 4128 vestro

494 4170 646 4256 appellari
662 4170 813 4255 praecepit
832 4165 1029 4229 Adrianum:
1061 4163 1192 4227 eandem
1208 4163 1338 4248 reliquit
1357 4179 1448 4251 pater

493 4271 672 4353 gravidam,
683 4267 738 4333 sed
754 4266 887 4353 provida
902 4266 1109 4353 dispositione
1121 4275 1275 4331 statutum
1293 4280 1352 4346 est,
1367 4279 1403 4330 ut
1420 4265 1446 4328 si

494 4369 575 4434 forte
590 4370 747 4455 pepererit
762 4372 940 4434 masculum
952 4368 1112 4454 appellent
1130 4368 1359 4444 Beneventum,
1371 4365 1448 4450 quia

495 4470 558 4533 illic
574 4470 795 4555 peregrinatur
810 4482 912 4554 pater,
924 4469 948 4531 si
964 4470 1139 4545 foeminam,
1152 4468 1278 4532 dicatur
1291 4465 1445 4530 Adriane.
