3875 5725
501 817 561 877 188
761 826 896 872 Jotuurs
912 824 1189 870 sanusnnnrnusrs
1233 819 1236 825 ·
1357 806 1403 889 [r.
1424 825 1459 868 n.

496 993 632 1047 vestrum
658 1001 841 1064 exequerer.
895 979 945 1040 De
973 1000 1047 1058 rege
1077 989 1109 1040 et
1137 978 1323 1060 proceribus
1349 979 1456 1041 multa

435 1132 446 1151 ,
495 1093 719 1166 percunctatus
746 1091 805 1156 est,
828 1080 884 1143 sed
911 1101 970 1160 ego
993 1077 1169 1162 temperavi
1192 1099 1393 1160 responsum,
1416 1089 1455 1142 ut

492 1206 544 1248 me
569 1205 629 1246 nec
655 1183 695 1246 de
722 1181 890 1245 mendacio
918 1180 1116 1244 conscientia
1141 1179 1365 1262 reprehendat,
1387 1202 1452 1244 nec

492 1285 701 1349 temeritatem
724 1305 828 1346 meam
851 1283 885 1344 iu
911 1282 972 1358 his,
995 1302 1066 1364 quae
1089 1281 1129 1344 ad
1156 1302 1263 1363 regem
1289 1291 1451 1364 spectant,

493 1386 662 1471 quisquam
695 1386 796 1466 possit
826 1404 965 1466 arguere.
1021 1383 1151 1446 Vestras
1181 1404 1255 1445 vero
1285 1384 1453 1463 angustias

492 1488 628 1551 audiens
643 1487 733 1549 vobis
755 1506 943 1568 compassus
966 1495 1024 1562 est,
1039 1483 1260 1568 auxiliumque
1282 1483 1452 1566 promittit.

492 1591 600 1653 Nares
630 1589 748 1652 etenim
778 1587 972 1671 procurabit,
999 1587 1026 1649 si
1052 1585 1114 1649 hoc
1141 1588 1315 1650 necessitas
1342 1593 1450 1652 vestra

492 1690 644 1770 exegerit,
661 1699 694 1751 et
713 1689 783 1770 ipse
806 1699 892 1764 aute,
911 1699 945 1749 ut
967 1696 1102 1768 oportet,
1124 1696 1365 1769 praemoneatur.
1411 1689 1449 1751 Si

490 1812 565 1853 vero
581 1791 700 1854 adhoc
717 1811 774 1852 vos
795 1797 966 1872 tempestas
981 1787 1152 1871 impulerit,
1167 1786 1348 1869 praemittite
1372 1797 1448 1851 ante

491 1902 547 1955 aut
561 1891 746 1974 Philippum
763 1901 938 1973 emptorem
954 1898 1105 1963 vestrum,
1118 1887 1172 1969 qui
1189 1895 1221 1949 et
1235 1886 1359 1949 comitis
1371 1909 1449 1950 auc-

492 1995 615 2058 toritate
642 2001 758 2066 utatur,
785 2001 817 2053 et
844 2011 917 2052 cum
943 1990 1049 2052 nantis
1075 1999 1107 2050 et
1133 1988 1326 2064 vectoribus,
1352 2000 1448 2071 prout

493 2093 681 2177 expedierit,
707 2092 883 2155 contrahat.
929 2089 984 2152 Sic
1012 2111 1032 2152 a
1060 2089 1176 2152 comite
1205 2089 1369 2167 recedens,
1396 2090 1449 2153 die

494 2195 644 2280 sequenti
660 2194 854 2255 Noviomum
870 2193 954 2255 veni.

535 2299 580 2359 Et
595 2297 705 2359 nescio
720 2317 784 2377 quo
800 2295 949 2378 praepetis
965 2306 998 2357 et
1011 2295 1164 2378 inquictae
1175 2296 1267 2359 famae
1283 2299 1447 2380 praeconio

490 2399 655 2464 calamitas
686 2394 875 2476 Anglorum,
902 2397 1171 2480 ecclesiarumque
1201 2399 1339 2474 vexati0,
1367 2420 1448 2481 quo-

491 2521 630 2583 cumque
656 2496 836 2574 veniebam,
861 2498 963 2561 fuerat
992 2498 1172 2578 divulgata:
1210 2510 1246 2561 ut
1274 2500 1318 2562 ibi
1346 2502 1449 2563 multa

491 2600 634 2665 audirem
650 2610 740 2681 gesta
753 2600 787 2662 in
807 2610 967 2662 conventu
991 2597 1214 2662 Londoniensi
1238 2611 1269 2662 et
1283 2601 1449 2664 Wintoni·

490 2703 571 2780 ensi,
586 2724 657 2787 quae
672 2703 706 2764 in
721 2703 838 2783 Anglia
853 2723 1019 2785 nunquam
1035 2701 1206 2765 audieram.
1249 2703 1294 2764 Et
1310 2702 1446 2786 quidem

472 2789 653 2891 pleraque,
668 2815 703 2867 ut
725 2804 771 2883 fit,
787 2802 908 2888 majora
930 2816 961 2867 et
982 2805 1092 2888 pejora
1113 2805 1196 2867 veris
1218 2804 1446 2869 referebantur.

490 2910 563 2990 Ego
576 2918 683 2971 autem
695 2908 764 2970 haec
778 2908 895 2983 omnia,
908 2927 980 2987 quae
992 2928 1050 2989 per
1064 2927 1119 2969 ora
1135 2907 1247 2988 populi
1259 2907 1447 2985 volitabant,

489 3006 721 3070 studiosissime
738 3007 998 3070 dissimulabam:
1022 3008 1080 3069 scd
1095 3028 1154 3070 nec
1179 3008 1340 3070 simulanti
1354 3028 1445 3089 pros-

488 3130 567 3191 pera
596 3112 690 3192 plene
720 3109 920 3183 credebatur,
950 3129 1009 3170 nec
1049 3107 1182 3170 adversa
1219 3108 1444 3174 dissimulanti.

488 3208 647 3292 Quodque
665 3209 835 3282 miremini,
850 3229 958 3270 comes
981 3209 1224 3271 Suessionensis
1239 3232 1279 3272 ea
1301 3210 1361 3289 die,
1379 3233 1444 3293 qua

488 3309 639 3370 Noviomi
655 3329 752 3384 eram,
767 3328 877 3369 omnes
892 3308 1043 3371 articulos
1067 3310 1315 3390 Londoniensis,
1330 3314 1442 3374 nescio

490 3407 696 3472 conciliabuli
712 3421 767 3471 aut
783 3408 978 3471 disciliabuli
998 3409 1116 3488 dicam,
1132 3412 1257 3475 decano
1278 3415 1325 3476 ita
1347 3415 1442 3477 seria-

489 3509 544 3573 tim
560 3510 722 3590 exposuit,
737 3530 775 3572 ac
791 3510 819 3571 si
834 3509 1028 3574 interfuisset
1048 3514 1196 3577 omnibus
1211 3536 1362 3598 praesens,
1376 3536 1442 3577 non

489 3610 585 3674 modo
600 3611 651 3673 his
666 3632 738 3694 quae
755 3612 787 3673 in
802 3611 922 3695 palatio
947 3621 1037 3693 gesta
1059 3627 1141 3693 sunt,
1159 3616 1216 3677 sed
1241 3639 1312 3700 quae
1338 3638 1442 3679 secre-

488 3714 609 3778 tissime
626 3716 665 3776 ab
677 3714 728 3777 his
739 3717 787 3777 vel
804 3716 844 3777 ab
860 3714 923 3776 illis
939 3714 1027 3778 dicta
1042 3726 1116 3779 suut
1129 3717 1162 3777 in
1175 3720 1329 3781 conclavi.
1368 3719 1439 3781 Nec

487 3817 580 3879 facile
597 3816 796 3895 crediderim,
813 3817 889 3900 quin
904 3817 949 3879 ibi
965 3818 1029 3880 sive
1046 3816 1086 3880 de
1102 3819 1167 3880 suis
1181 3819 1247 3881 sive
1264 3818 1303 3881 de
1320 3830 1441 3883 nostra·

487 3918 573 3981 tibus
588 3929 703 3982 cautos
720 3917 938 4003 exploratores
954 3920 1124 3983 habuerint
1145 3916 1242 3982 Galli.
1289 3922 1441 3983 Decanus

486 4029 591 4080 autem
619 4022 856 4097 Noviomensis,
883 4023 929 4083 vir
956 4023 1164 4103 integerrimae
1192 4022 1280 4099 fidei,
1306 4043 1441 4086 concus-

486 4118 608 4179 sionem
625 4132 758 4181 vestram
779 4143 844 4183 non
869 4122 937 4184 sine
962 4124 1064 4184 multo
1089 4123 1199 4186 dolore
1223 4125 1384 4187 audierat:
1409 4135 1442 4186 et

485 4241 518 4282 se
535 4218 644 4281 advos
659 4220 880 4301 recipiendum
896 4232 1064 4302 praeparat,
1076 4245 1141 4285 non
1156 4225 1252 4287 modo
1264 4246 1320 4288 sua
1333 4224 1440 4286 omnia

486 4320 686 4403 expositurus
713 4340 769 4401 pro
785 4320 887 4396 vobis,
903 4321 960 4382 sed
976 4341 1034 4402 pro
1050 4321 1276 4387 Cantuariensi
1295 4325 1443 4401 ecclesia,

485 4423 512 4484 si
531 4420 714 4506 oportuerit,
730 4420 869 4502 seipsum
895 4422 1066 4503 positurus.
1113 4426 1307 4489 Decreverat
1332 4435 1439 4489 autem
