3875 5725
422 829 615 909 1159-61.]
685 873 688 878 -
820 845 1002 891 nrrsronn.
1330 829 1373 890 79

420 997 507 1082 quod
518 996 652 1061 thronus
663 1008 767 1060 vester
777 996 1159 1084 benedictioneperpetua
1169 994 1372 1073 solidabitur,

417 1109 449 1159 et
464 1097 552 1180 quod
568 1096 624 1160 lilii
641 1096 749 1172 vestri,
765 1108 797 1161 et
811 1096 870 1160 filii
885 1096 1025 1161 filiorum
1042 1096 1155 1160 solium
1171 1098 1272 1180 regni,
1285 1097 1374 1182 quod

418 1196 460 1259 ab
474 1220 512 1260 eo
527 1197 705 1283 accepistis,
721 1211 754 1262 et
769 1197 889 1263 salubri
905 1197 1179 1262 administratione
1195 1198 1375 1282 disponitis,

417 1297 551 1364 feliciter
566 1301 813 1376 baereditabunt,
837 1324 938 1387 quum
962 1302 995 1365 iu
1017 1301 1154 1365 subditis
1176 1302 1290 1365 vestris
1306 1314 1376 1367 tan-

419 1411 495 1478 tam,
517 1400 587 1486 ipso
608 1403 761 1487 propitio,
777 1403 991 1467 invenerimus
1013 1403 1190 1467 concordiae
1207 1402 1374 1484 unitatem,

417 1513 455 1564 ut
470 1500 565 1564 fidem
582 1525 692 1566 eorum
708 1504 741 1566 in
756 1518 848 1590 petra
863 1505 1002 1567 ecclesiae
1018 1505 1184 1568 solidatam
1201 1527 1278 1582 esse,
1294 1504 1372 1569 fide·

417 1600 545 1667 lissimis
573 1616 604 1667 et
635 1606 889 1668 manifestissmis
919 1616 1041 1669 constet
1073 1605 1209 1670 indiciis.
1263 1607 1373 1682 Quum

418 1703 500 1766 enim
509 1727 551 1768 ex
558 1705 822 1769 mandatovestro
834 1705 1011 1790 Anglorum
1024 1707 1219 1770 convenisset
1232 1707 1373 1786 ecclesia,

418 1805 582 1889 proposita
611 1817 658 1868 est
682 1805 714 1866 in
739 1804 871 1867 auribus
898 1804 1077 1890 sapientum
1103 1805 1251 1892 quaestio,
1279 1830 1374 1893 super

421 1927 485 1989 qna
510 1904 586 1969 fidei
616 1916 730 1969 vestrae
760 1904 934 1985 sinceritas,
964 1918 1001 1969 ut
1025 1907 1181 1990 oportuit,
1206 1906 1376 1991 optimates

418 2005 507 2091 regni
522 2006 615 2071 vestri
637 2007 769 2092 dignata
784 2020 831 2070 est
852 2006 1043 2072 consultare.
1088 2011 1186 2072 Lecta
1208 2020 1281 2072 sunt
1302 2009 1376 2074 binc

418 2108 493 2171 inde
509 2106 649 2191 plurima
670 2107 788 2193 quibus
803 2129 878 2193 pars
898 2111 1053 2172 alterutra
1073 2108 1260 2172 sententiam
1285 2127 1375 2173 suam

418 2209 502 2274 tueri
518 2221 654 2296 poterat,
671 2208 721 2271 vel
736 2231 882 2274 errorem.
908 2210 1033 2274 Deinde
1048 2210 1080 2272 in
1096 2209 1234 2274 medium
1252 2210 1377 2296 prolata

383 2309 385 2314 ’
417 2324 464 2376 est
486 2333 597 2375 norma
619 2310 706 2388 fidei,
723 2311 835 2395 regula
856 2311 1070 2396 gerendorum
1094 2333 1167 2395 quae
1188 2312 1222 2375 in
1243 2325 1373 2398 patrum

417 2415 632 2479 sanctionibus
658 2413 828 2492 invenitur,
850 2426 887 2479 ut
910 2414 954 2478 sic
976 2413 1185 2478 innotesceret
1209 2413 1374 2490 universis,

418 2515 522 2579 utrius
537 2538 641 2580 causae
656 2515 752 2579 facies
767 2514 795 2578 ei
811 2516 1010 2581 commodius
1029 2527 1135 2599 posset
1152 2516 1266 2600 aptari,
1281 2515 1375 2579 adeo-

418 2640 481 2702 que
496 2617 690 2702 propitiante
702 2634 793 2701 patre
807 2617 1106 2694 misericordiarum,
1116 2639 1298 2700 processum
1314 2628 1374 2690 est,

419 2730 455 2781 ut
471 2741 510 2779 ex
526 2715 751 2782 assertionibus
765 2721 904 2803 partium
920 2718 1037 2782 veritas
1058 2717 1210 2797 eluceret,
1225 2739 1326 2803 quum
1343 2733 1375 2782 et

418 2831 513 2882 testes
529 2817 569 2881 ab
580 2817 740 2903 insperato
755 2818 972 2902 procedentes,
985 2817 1072 2902 apud
1085 2839 1142 2879 nos
1157 2838 1281 2881 causam
1294 2817 1377 2880 veri·

419 2920 496 2982 tatis
511 2917 733 2994 instruxerint,
745 2930 776 2980 et
793 2917 930 2979 nefanda
942 2916 1132 2981 schismatici
1146 2936 1243 3002 opera
1258 2937 1377 3000 praeco-

418 3033 513 3086 nante
528 3021 613 3083 fama
628 3015 881 3105 publicarentur.
914 3023 1041 3104 ltaque,
1058 3017 1231 3081 secundum
1250 3040 1287 3080 ea
1302 3039 1377 3104 quae

421 3122 585 3209 proposita
608 3134 693 3196 sunt,
717 3141 779 3183 non
796 3119 927 3206 quidem
945 3119 1127 3206 judicatum
1143 3131 1202 3199 est,
1218 3117 1296 3206 quia
1319 3142 1376 3183 nec

418 3222 522 3303 licuit,
545 3243 607 3283 non
632 3231 787 3284 statutum
816 3219 939 3305 aliquid
965 3220 998 3283 in
1026 3218 1251 3305 praejudicium
1278 3218 1377 3305 regite

419 3322 605 3410 majestatis,
626 3324 702 3408 quia
724 3343 782 3385 nec
804 3320 936 3385 debuit:
962 3320 1028 3401 sed,
1051 3319 1140 3406 quod
1163 3319 1264 3397 licuit,
1288 3321 1376 3406 quod

418 3425 543 3501 debuit,
568 3423 654 3510 quod
681 3423 784 3508 jussio
814 3420 989 3508 majestatis
1013 3435 1127 3486 vestrae
1157 3426 1276 3506 exegit,
1301 3444 1376 3487 con-

420 3528 538 3605 silium,
562 3526 701 3591 Domino
724 3538 805 3588 teste
820 3535 851 3588 et
869 3523 992 3608 judice,
1015 3524 1188 3589 formatum
1211 3538 1270 3602 est,
1287 3526 1373 3613 quod

419 3628 522 3693 fidelis
549 3626 721 3714 prudentia
748 3625 952 3690 subditorum
983 3647 1058 3689 vero
1087 3624 1224 3712 principi
1254 3626 1375 3690 dictare

418 3729 570 3793 debuerat
593 3749 656 3790 non
681 3738 810 3810 rogata:
843 3725 924 3789 illud
948 3748 1075 3812 quoque
1096 3738 1134 3789 ut
1155 3727 1270 3810 prima,
1293 3728 1375 3789 sicut

413 3830 540 3913 justum
567 3841 625 3909 est,
650 3829 739 3891 vobis
765 3826 868 3909 gratia
890 3825 1061 3903 debeatur,
1087 3838 1118 3888 et
1143 3825 1248 3908 operis
1273 3827 1375 3909 gloria

418 3931 638 4007 consummati,
651 3942 747 4015 prout
761 3926 968 4011 praecepistis
981 3926 1047 3989 siue
1062 3925 1148 3988 omni
1160 3925 1374 4010 publicatione

418 4035 450 4097 in
477 4034 567 4098 libris
593 4029 792 4095 conscientias
820 4024 937 4112 signari
962 4027 1105 4101 fecimus,
1133 4047 1214 4109 quos
1241 4027 1330 4092 vobis
1356 4053 1374 4093 a

421 4135 573 4198 latoribus
596 4132 802 4220 praesentium
834 4128 987 4213 magistro
1015 4128 1250 4192 Bartholomaeo
1272 4133 1374 4195 archi·

419 4236 563 4313 diacono,
577 4249 609 4299 et
630 4235 792 4300 Willelmo
814 4231 854 4294 de
874 4236 939 4296 Ver
959 4228 1122 4314 capellano
1142 4241 1261 4309 nostro,
1279 4234 1375 4319 jussi-

418 4358 489 4401 mus
504 4338 629 4423 aperiri.
659 4338 740 4398 Nam
760 4334 933 4421 praedictus
954 4332 1194 4398 archidiaconus
1215 4333 1375 4397 scrutiniis

418 4455 448 4505 et
465 4437 747 4505 deliberationibus
762 4436 905 4500 interfuit
918 4434 1085 4511 universis,
1098 4448 1130 4498 et
1146 4447 1220 4498 vota
1235 4433 1373 4515 singulo-
