3875 5725
400 871 506 949 1166.]
785 884 960 928 nersromn.
1286 868 1349 926 969

398 1038 483 1122 quod
500 1037 539 1099 ad
555 1035 698 1099 animum
711 1034 743 1097 in
756 1033 894 1097 adversis
909 1030 1107 1115 erigendum,
1122 1043 1155 1095 et
1167 1032 1348 1096 Christiano

395 1139 535 1202 mundus
544 1149 629 1201 totus
640 1136 770 1199 exilium
781 1147 838 1210 est,
849 1135 925 1198 dum
938 1134 1158 1218 peregrinatur
1167 1157 1186 1196 a
1196 1133 1348 1209 Domino,

397 1251 434 1304 ut
455 1261 629 1324 numquam
653 1237 810 1322 prosperis
832 1236 1010 1300 extollatur.
1058 1237 1192 1300 Cessent
1213 1260 1289 1320 ergo
1308 1237 1350 1300 do

399 1341 543 1404 ludibriis
559 1341 695 1403 sortunae
710 1338 864 1425 querelae:
888 1339 928 1401 de
945 1337 1077 1422 reliquo,
1094 1337 1171 1402 dum
1188 1361 1256 1416 nos,
1272 1362 1351 1425 qua·

317 1492 320 1496 -
398 1456 491 1507 tenus
506 1443 582 1507 licet
593 1441 849 1529 aquaestionibus
860 1441 1084 1526 philosophicis
1099 1463 1163 1504 non
1179 1463 1350 1516 cessemus,

398 1545 622 1629 indulgeamus
658 1543 939 1628 persequutoribus
975 1542 1099 1617 nostris,
1135 1543 1351 1608 nescientibus

399 1649 530 1712 fortasse
558 1647 635 1733 quid
661 1647 793 1725 faciunt,
817 1655 851 1707 et
876 1643 1015 1727 praelatis
1045 1643 1260 1707 Ecclesiarum
1287 1667 1351 1708 non

400 1750 602 1824 vestratibus
618 1749 675 1811 sed
691 1747 881 1810 nostratibus
898 1745 980 1825 dico,
994 1745 1060 1829 qui,
1077 1744 1163 1830 quod
1181 1746 1259 1809 Caio
1276 1748 1354 1810 Cas·

401 1851 447 1914 sio
465 1850 578 1914 Cicero
593 1850 625 1910 in
642 1847 775 1932 epistola
786 1847 826 1910 ad
838 1847 977 1909 eundern
989 1847 1133 1910 Cassium
1148 1848 1352 1933 improperat,

397 1953 465 2037 jorn
487 1975 506 2014 a
526 1951 628 2014 multo
649 1963 793 2035 ternpore
814 1949 923 2013 virtuti
944 1961 978 2012 et
1000 1948 1102 2013 officio
1124 1973 1182 2014 suo
1203 1951 1352 2015 nuntium

402 2054 604 2135 remiserunt,
633 2077 692 2116 nec
722 2075 795 2116 curn
826 2052 871 2116 eis
897 2063 995 2135 agant
1022 2052 1147 2116 deliniti
1175 2053 1292 2117 divitiis
1321 2065 1355 2117 et

403 2157 561 2220 illecebris
582 2156 789 2241 voluptatum.
837 2154 981 2238 Expecto
1001 2177 1021 2217 a
1039 2155 1141 2238 gratia
1155 2167 1259 2219 vestra
1279 2156 1356 2220 resi-

404 2259 503 2322 duurn
524 2258 721 2322 Hierarchiae
736 2257 907 2337 transferri,
918 2266 955 2319 ut
966 2269 1069 2320 vestro
1084 2257 1251 2334 beneficio,
1267 2258 1357 2323 vobis

401 2361 442 2423 ad
463 2371 614 2423 aeternam
639 2359 784 2443 gloriam,
811 2357 941 2422 Francis
965 2358 1029 2420 suis
1049 2358 1161 2423 beatus
1183 2359 1354 2445 Dionysius

404 2461 529 2546 plenius
558 2461 745 2524 innotescat.
801 2460 936 2523 Utinam
966 2460 1061 2524 detur
1088 2459 1168 2523 mihi
1197 2461 1285 2526 loeus
1314 2463 1356 2526 ad

404 2566 502 2650 pedes
526 2577 646 2629 vestros
671 2575 708 2626 ut
736 2586 810 2626 cum
842 2562 950 2625 Maria
978 2564 1109 2627 sedente
1138 2587 1229 2629 secus
1258 2566 1356 2651 pedes

406 2664 536 2741 Christi,
547 2685 644 2748 quem
656 2663 689 2725 in
699 2662 794 2725 corde
805 2675 908 2724 vestro
918 2660 1061 2724 habitare
1073 2665 1209 2740 confido,
1221 2666 1357 2731 coelestis

405 2765 524 2828 oraculi
539 2764 636 2828 verba
647 2775 680 2827 et
690 2784 775 2826 verae
789 2761 998 2847 philosophiae
1013 2764 1186 2827 sententias
1200 2767 1356 2850 excipiam

404 2868 446 2932 ab
467 2890 520 2931 ore
540 2877 655 2931 vestro.
704 2866 769 2929 Sed
790 2866 850 2928 hoc
871 2864 1064 2927 desiderium
1090 2887 1198 2930 meum
1221 2867 1358 2953 impedit

408 2969 584 3053 indignatio
598 2969 681 3052 regis
698 2967 887 3051 Anglorum,
905 2967 955 3030 cui
971 2967 1037 3045 ille,
1056 2968 1111 3054 qui
1132 2969 1228 3034 corda
1246 2993 1358 3055 regum

408 3074 526 3158 dirigit,
550 3073 671 3137 tribuat
695 3074 721 3135 si
746 3072 851 3157 placet
872 3070 1082 3151 intellectum,
1106 3084 1141 3136 ut
1162 3074 1263 3159 sapiat
1285 3098 1359 3162 quae

409 3175 472 3239 Dei
494 3187 577 3239 sunt.
625 3173 756 3237 interim
780 3174 865 3259 quod
888 3194 1016 3258 possum
1040 3173 1232 3256 dignationis
1245 3188 1359 3241 vestrae

409 3278 544 3363 genibus
566 3276 759 3362 provolutus,
774 3277 921 3362 precibus
943 3287 976 3339 et
998 3276 1111 3340 litteris
1132 3278 1222 3362 pulso
1241 3280 1362 3366 suppli-

410 3404 495 3462 cans,
522 3393 557 3444 ut
582 3380 615 3444 in
641 3379 842 3465 explananda
870 3379 1075 3444 translatione
1105 3381 1191 3445 beati
1215 3382 1362 3470 Dionysii

413 3505 464 3546 me
479 3495 583 3547 vestra
597 3482 760 3547 sinceritas
779 3482 929 3565 dignetur
948 3483 1066 3548 audire.
1114 3483 1168 3547 Ad
1186 3484 1246 3549 hoc
1260 3508 1364 3573 nuper

413 3586 445 3649 in
461 3585 543 3650 libro
564 3585 651 3649 beati
669 3586 831 3649 Ambrosii
846 3585 886 3649 de
904 3585 1126 3649 lncarnatione
1149 3588 1237 3651 verbi
1257 3588 1363 3653 obsta·

413 3687 520 3751 culum
548 3687 663 3773 reperi,
686 3687 772 3774 quod
799 3687 905 3751 nullus
931 3687 1154 3769 magistrorum
1184 3702 1363 3754 nostrorum

413 3788 527 3853 sufficit
547 3811 706 3868 amovere,
725 3788 801 3873 quia
824 3790 949 3851 Graecae
971 3788 1090 3870 linguae
1112 3802 1257 3872 expertes
1279 3804 1361 3856 sunt.

416 3887 1364 3974 HaecautemsuntverbaAmbrosiifacientiaquaestionem.

415 3992 547 4057 Ousiam
569 3993 613 4057 ita
632 3993 767 4057 Latinus
788 3993 1014 4075 interpretatus
1029 4001 1088 4069 est,
1105 4002 1141 4055 ut
1155 3993 1364 4059 substantiam

413 4094 542 4160 diceret.
589 4094 689 4161 Ousia
710 4107 817 4159 autem
846 4093 980 4157 Domini
1006 4114 1106 4179 quum
1136 4095 1262 4173 dicitur,
1287 4098 1366 4183 quid

414 4195 501 4258 aliud
521 4196 679 4279 significat
701 4199 761 4263 nisi
785 4197 963 4261 Dominum
988 4219 1115 4282 semper
1135 4198 1231 4263 esse?
1269 4200 1366 4275 Quod

416 4297 532 4361 litterae
552 4298 629 4382 ipsae
652 4302 844 4385 exprimunt,
862 4299 1008 4387 quamvis
1028 4300 1135 4365 divine
1150 4301 1238 4367 ousia
1251 4302 1282 4366 ai
1297 4316 1369 4367 acta

416 4401 458 4481 ai,
483 4399 543 4462 hoc
570 4416 617 4463 cst
640 4422 738 4486 quum
765 4404 806 4467 sit
830 4425 966 4488 semper,
994 4403 1095 4468 Ousia
1121 4403 1246 4479 dicitur,
1274 4404 1368 4467 unius

416 4503 533 4567 litterae
547 4513 670 4566 mutato
682 4503 792 4567 ordine
803 4516 932 4589 propter
943 4526 1057 4570 sonum
1072 4517 1106 4568 et
1120 4504 1368 4589 competentiam
