3875 5725
485 879 550 938 396
746 888 881 936 Joxuurs
897 888 1174 934 snuesauurnusrs
1346 872 1393 951 [A.
1410 889 1443 932 u.

493 1055 601 1128 pertus
615 1045 678 1107 hoc
693 1046 819 1126 loquor,
834 1052 866 1104 et
886 1042 998 1124 paucis
1015 1042 1188 1116 obnoxius,
1203 1041 1321 1123 quibus
1335 1039 1449 1123 utique

491 1156 579 1208 tauto
595 1145 723 1207 arctiori
731 1144 861 1206 vinculo
874 1142 1034 1223 obligatus
1049 1163 1131 1219 sum,
1141 1151 1262 1224 quanto
1277 1141 1448 1204 sinceritas

491 1246 569 1308 fidei
585 1266 691 1308 eorum
707 1244 870 1327 probatior
885 1264 927 1305 ex
943 1243 1122 1325 perspicuis
1136 1242 1267 1305 indiciis
1282 1243 1433 1306 enitescit
1439 1265 1449 1319 3

491 1347 597 1409 sedin
613 1346 723 1429 primis
743 1345 856 1407 horum
879 1345 974 1406 nobis
993 1343 1105 1406 merita
1120 1353 1225 1406 restra
1246 1343 1449 1425 praecipuum

492 1446 608 1510 dedere
630 1446 750 1522 locum,
764 1457 797 1508 et
812 1451 839 1507 si
861 1446 919 1508 illa
937 1441 1150 1506 discutiantur
1172 1444 1214 1506 ad
1236 1464 1362 1525 purum,
1373 1442 1449 1524 jure

492 1560 525 1611 et
552 1547 666 1610 merito
696 1546 833 1609 dixerim
860 1546 1007 1628 primum.
1059 1546 1168 1607 Multa
1193 1555 1269 1608 sunt
1297 1545 1383 1608 enim
1413 1555 1448 1607 et

492 1669 617 1728 magna,
634 1659 666 1710 et
680 1645 766 1709 unde
782 1648 960 1709 clarescunt
983 1647 1084 1728 magis
1104 1647 1283 1708 necessaria
1298 1667 1395 1728 saepe,
1409 1652 1450 1706 ut

493 1770 627 1833 quorum
648 1769 723 1810 usus
742 1747 901 1830 frequenS,
923 1747 988 1808 imo
1012 1746 1218 1829 quotidianus
1236 1756 1295 1822 est,
1311 1747 1448 1825 gratiam

488 1850 608 1932 jugiter
637 1847 677 1912 ad
711 1848 896 1929 largientem
927 1858 1043 1928 cogant
1072 1848 1191 1927 augeri,
1215 1847 1297 1909 nihil
1323 1845 1452 1910 excidit

495 1973 514 2013 a
535 1949 707 2024 memoria;
730 1950 769 2011 de
786 1949 939 2012 universis
962 1956 995 2010 et
1016 1947 1151 2027 singulis
1173 1948 1288 2028 gratias
1310 1967 1382 2029 ago,
1400 1968 1452 2010 re·

493 2061 610 2134 putans
625 2051 718 2112 etiam
734 2050 790 2111 illa
809 2049 888 2111 mihi
905 2071 924 2112 a
939 2059 1043 2112 vestra
1060 2050 1248 2113 liberalitate
1269 2071 1338 2112 esse
1355 2049 1450 2111 exhi-

493 2153 571 2228 bita,
587 2173 659 2234 quae
675 2173 717 2213 ex
733 2150 886 2214 relatione
906 2151 1012 2214 nuntii
1032 2150 1106 2230 mei,
1121 2163 1153 2214 et
1168 2162 1342 2214 vestrarum
1356 2151 1449 2214 testi·

492 2255 601 2316 monio
621 2254 796 2315 litterarum
812 2253 955 2316 voluistis
977 2263 1009 2314 et
1028 2252 1228 2335 praecepistis
1242 2253 1321 2315 meis
1335 2251 1451 2314 usibus

495 2353 648 2416 exhiberi.
711 2353 830 2414 Nescio
860 2353 944 2413 enim
976 2374 1040 2435 qna
1066 2354 1180 2415 secreti
1211 2352 1450 2435 dispensatione

496 2451 620 2514 consilii
636 2449 757 2512 amicus
777 2460 809 2511 et
829 2451 935 2512 socius
956 2473 1047 2514 meus
1065 2453 1221 2533 Magister
1237 2453 1278 2514 G.
1295 2451 1450 2514 mandato

496 2560 599 2614 restro
622 2572 688 2613 non
711 2551 826 2632 paruit,
842 2553 1031 2614 subtrahens
1054 2565 1108 2616 aut
1128 2554 1277 2616 differens
1293 2553 1451 2615 auxilium

496 2653 582 2738 quod
599 2661 702 2716 restra
724 2652 855 2715 dilectio
877 2654 1063 2716 necessitati
1083 2675 1162 2716 meae
1184 2666 1215 2716 et
1234 2675 1378 2716 meorum
1394 2653 1450 2716 de·

496 2763 636 2819 creverat
659 2751 887 2816 exhibendum.
933 2753 1010 2814 Non
1034 2753 1120 2815 euim
1142 2754 1236 2816 facile
1261 2752 1453 2817 crediderim

496 2855 582 2938 quod
597 2854 651 2916 ille
667 2862 780 2935 praeter
800 2851 945 2915 meritum
966 2875 1071 2915 meum
1088 2865 1121 2917 et
1136 2867 1247 2918 contra
1262 2855 1452 2937 opinionem

497 2957 639 3019 omnium
659 2954 721 3017 hoc
744 2953 863 3031 fecerit,
879 2962 915 3016 ut
937 2952 1015 3015 mihi
1035 2965 1162 3033 noceat,
1177 2955 1234 3018 sed
1257 2957 1365 3040 aliqua
1385 2956 1453 3019 dis·

496 3057 694 3139 pensatione,
711 3055 802 3137 cujus
817 3056 973 3117 rationem
993 3057 1116 3136 ignoro,
1133 3068 1270 3120 vestrum
1284 3058 1455 3139 suspendit

496 3158 704 3235 beneficium,
718 3155 776 3219 sed
797 3156 978 3219 devotionis
994 3179 1073 3219 meae
1095 3157 1137 3220 ad
1152 3180 1219 3235 voS,
1235 3170 1267 3223 et
1282 3160 1454 3241 gratiarum

498 3260 634 3324 actionis
662 3278 756 3319 nemo
794 3256 968 3340 suspendet
998 3260 1160 3322 affectum.
1214 3261 1349 3323 Gaudeo
1379 3281 1455 3323 vero

499 3358 587 3443 quod
610 3379 708 3441 quum
735 3357 879 3441 episcopi
902 3357 961 3420 sub
984 3359 1207 3441 appellationis
1228 3362 1362 3423 obtentu
1382 3364 1453 3425 lan-

499 3480 632 3540 guorem
662 3460 806 3522 ecclesiae
833 3480 904 3541 quae
931 3470 1059 3523 auctore
1086 3462 1227 3525 Domino
1253 3464 1455 3526 convalescet

499 3561 534 3622 in
556 3559 654 3633 brevi,
677 3557 866 3621 studuerunt
885 3563 1055 3641 protelare,
1074 3583 1140 3642 vos,
1163 3571 1198 3625 ut
1219 3562 1326 3643 audio,
1347 3563 1453 3626 tendi·

501 3662 590 3725 culas
607 3681 714 3723 eorum
739 3660 877 3741 eleganti
891 3662 1031 3725 veritatis
1054 3675 1086 3726 et
1102 3664 1235 3747 justitiae
1259 3665 1454 3748 compendio

500 3762 696 3838 declinastis,
712 3773 748 3825 ut
768 3783 828 3825 nec
851 3765 1012 3845 poneretis
1034 3786 1109 3827 cum
1131 3766 1250 3849 iniquis
1271 3767 1453 3849 portionem

500 3865 641 3941 malitiae,
654 3886 714 3927 nec
730 3864 772 3928 sit
794 3864 881 3947 quod
903 3873 978 3928 aute
1000 3867 1171 3948 provinciae
1192 3867 1345 3950 praesides
1360 3868 1455 3931 robis

500 3966 623 4049 dejure
638 3965 755 4029 debeat
764 3965 922 4048 imputari.
955 3968 1009 4030 Illi
1024 3969 1218 4050 scripserunt
1232 3980 1263 4033 et
1276 3968 1456 4053 praedicant

502 4067 589 4149 quod
610 4088 669 4131 rex
692 4067 785 4129 dulce
809 4077 901 4150 putat
923 4070 1114 4152 obsequium
1138 4092 1236 4153 quum
1259 4079 1403 4132 monetur
1417 4082 1456 4133 ut

501 4167 638 4247 corrigat
659 4166 687 4229 si
708 4166 785 4249 quid
802 4168 974 4252 deliquerit
995 4170 1030 4231 in
1053 4168 1238 4233 Dominum.
1285 4172 1455 4254 Numquid

500 4264 581 4329 adeo
604 4269 763 4331 excoecati
787 4277 860 4331 suut
875 4279 923 4332 ut
947 4292 1020 4333 eum
1046 4270 1193 4335 dubitent
1216 4273 1278 4337 hac
1305 4273 1454 4336 ecclesiae

500 4366 680 4444 vexatione,
705 4379 737 4431 et
759 4370 979 4445 innocentum,
1005 4380 1041 4433 ut
1062 4371 1102 4434 de
1127 4375 1198 4436 aliis
1221 4385 1355 4450 taceam,
1381 4396 1454 4456 par·

500 4471 655 4547 culorum,
677 4477 709 4530 et
729 4469 893 4532 muliemm
917 4472 1151 4556 proscriptione
1175 4474 1379 4558 delinquere3
1403 4479 1454 4538 vel
