<?xml version="1.0" encoding="UTF-8"?>
<!DOCTYPE html PUBLIC "-//W3C//DTD XHTML 1.0 Transitional//EN"
    "http://www.w3.org/TR/xhtml1/DTD/xhtml1-transitional.dtd">
<html xmlns="http://www.w3.org/1999/xhtml" xml:lang="en" lang="en">
 <head>
  <title>
</title>
<meta http-equiv="Content-Type" content="text/html;charset=utf-8" />
  <meta name='ocr-system' content='tesseract 3.04.00' />
  <meta name='ocr-capabilities' content='ocr_page ocr_carea ocr_par ocr_line ocrx_word'/>
</head>
<body>
  <div class='ocr_page' id='page_1' title='image "./joannissaresber01johngoog_0148.png"; bbox 0 0 3875 5725; ppageno 0'>
   <div class='ocr_carea' id='block_1_1' title="bbox 551 821 1506 901">
    <p class='ocr_par' dir='ltr' id='par_1_1' title="bbox 551 821 1506 901">
     <span class='ocr_line' id='line_1_1' title="bbox 551 821 1506 901; baseline -0.004 -16"><span class='ocrx_word' id='word_1_1' title='bbox 551 826 611 888; x_wconf 74' lang='lat'>180</span> <span class='ocrx_word' id='word_1_2' title='bbox 817 840 952 885; x_wconf 76' lang='lat' dir='ltr'>Joaxxrs</span> <span class='ocrx_word' id='word_1_3' title='bbox 967 839 1243 884; x_wconf 74' lang='lat' dir='ltr'>snunsnamnxsls</span> <span class='ocrx_word' id='word_1_4' title='bbox 1410 821 1455 901; x_wconf 79' lang='lat' dir='ltr'>[A.</span> <span class='ocrx_word' id='word_1_5' title='bbox 1473 840 1506 884; x_wconf 86' lang='lat' dir='ltr'>u.</span> 
     </span>
    </p>
   </div>
   <div class='ocr_carea' id='block_1_2' title="bbox 548 989 1597 4565">
    <p class='ocr_par' dir='ltr' id='par_1_2' title="bbox 548 989 1597 4565">
     <span class='ocr_line' id='line_1_2' title="bbox 549 989 1505 1077; baseline -0.001 -22"><span class='ocrx_word' id='word_1_6' title='bbox 549 991 715 1077; x_wconf 77' lang='lat' dir='ltr'>praesentis</span> <span class='ocrx_word' id='word_1_7' title='bbox 734 1002 897 1055; x_wconf 91' lang='lat' dir='ltr'>contractu</span> <span class='ocrx_word' id='word_1_8' title='bbox 918 989 1069 1074; x_wconf 89' lang='lat' dir='ltr'>conjugii,</span> <span class='ocrx_word' id='word_1_9' title='bbox 1091 1002 1124 1053; x_wconf 90' lang='lat' dir='ltr'>et</span> <span class='ocrx_word' id='word_1_10' title='bbox 1144 1012 1242 1075; x_wconf 91' lang='lat' dir='ltr'>quum</span> <span class='ocrx_word' id='word_1_11' title='bbox 1267 989 1505 1055; x_wconf 83' lang='lat' dir='ltr'>matrimonium</span> 
     </span>
     <span class='ocr_line' id='line_1_3' title="bbox 548 1092 1503 1178; baseline -0.003 -19"><span class='ocrx_word' id='word_1_12' title='bbox 548 1117 718 1159; x_wconf 90' lang='lat' dir='ltr'>consensus</span> <span class='ocrx_word' id='word_1_13' title='bbox 752 1093 876 1169; x_wconf 88' lang='lat' dir='ltr'>efficiat,</span> <span class='ocrx_word' id='word_1_14' title='bbox 914 1093 1068 1178; x_wconf 88' lang='lat' dir='ltr'>quicquid</span> <span class='ocrx_word' id='word_1_15' title='bbox 1105 1092 1137 1156; x_wconf 92' lang='lat' dir='ltr'>in</span> <span class='ocrx_word' id='word_1_16' title='bbox 1173 1092 1322 1176; x_wconf 89' lang='lat' dir='ltr'>iujuriam</span> <span class='ocrx_word' id='word_1_17' title='bbox 1360 1092 1503 1176; x_wconf 85' lang='lat' dir='ltr'>legitimo</span> 
     </span>
     <span class='ocr_line' id='line_1_4' title="bbox 549 1195 1504 1283; baseline -0.001 -24"><span class='ocrx_word' id='word_1_18' title='bbox 549 1195 761 1283; x_wconf 86' lang='lat' dir='ltr'>praecedentis</span> <span class='ocrx_word' id='word_1_19' title='bbox 783 1218 952 1260; x_wconf 83' lang='lat' dir='ltr'><strong>consensus</strong></span> <span class='ocrx_word' id='word_1_20' title='bbox 976 1207 1207 1280; x_wconf 65' lang='lat' dir='ltr'>praesumptum</span> <span class='ocrx_word' id='word_1_21' title='bbox 1232 1206 1291 1272; x_wconf 87' lang='lat' dir='ltr'>est,</span> <span class='ocrx_word' id='word_1_22' title='bbox 1315 1217 1432 1258; x_wconf 84' lang='lat' dir='ltr'>nexum</span> <span class='ocrx_word' id='word_1_23' title='bbox 1453 1195 1504 1258; x_wconf 90' lang='lat' dir='ltr'>in-</span> 
     </span>
     <span class='ocr_line' id='line_1_5' title="bbox 550 1295 1508 1383; baseline 0 -21"><span class='ocrx_word' id='word_1_24' title='bbox 550 1298 759 1383; x_wconf 84' lang='lat' dir='ltr'>separabilem</span> <span class='ocrx_word' id='word_1_25' title='bbox 780 1297 891 1383; x_wconf 91' lang='lat' dir='ltr'>prioris</span> <span class='ocrx_word' id='word_1_26' title='bbox 911 1298 1106 1361; x_wconf 85' lang='lat' dir='ltr'>matrimonii</span> <span class='ocrx_word' id='word_1_27' title='bbox 1127 1320 1189 1359; x_wconf 92' lang='lat' dir='ltr'>non</span> <span class='ocrx_word' id='word_1_28' title='bbox 1212 1295 1362 1361; x_wconf 88' lang='lat' dir='ltr'>dissolvit.</span> <span class='ocrx_word' id='word_1_29' title='bbox 1411 1297 1508 1370; x_wconf 90' lang='lat' dir='ltr'>Quod</span> 
     </span>
     <span class='ocr_line' id='line_1_6' title="bbox 550 1400 1507 1482; baseline 0.001 -18"><span class='ocrx_word' id='word_1_30' title='bbox 550 1401 577 1464; x_wconf 92' lang='lat' dir='ltr'>si</span> <span class='ocrx_word' id='word_1_31' title='bbox 599 1400 725 1465; x_wconf 91' lang='lat' dir='ltr'>carnale</span> <span class='ocrx_word' id='word_1_32' title='bbox 751 1400 990 1475; x_wconf 86' lang='lat' dir='ltr'>commercium,</span> <span class='ocrx_word' id='word_1_33' title='bbox 1014 1413 1047 1463; x_wconf 92' lang='lat' dir='ltr'>et</span> <span class='ocrx_word' id='word_1_34' title='bbox 1072 1422 1111 1462; x_wconf 85' lang='lat' dir='ltr'>ex</span> <span class='ocrx_word' id='word_1_35' title='bbox 1138 1422 1176 1462; x_wconf 89' lang='lat' dir='ltr'>eo</span> <span class='ocrx_word' id='word_1_36' title='bbox 1203 1411 1358 1482; x_wconf 90' lang='lat' dir='ltr'>concepta</span> <span class='ocrx_word' id='word_1_37' title='bbox 1383 1400 1507 1465; x_wconf 88' lang='lat' dir='ltr'>soboles</span> 
     </span>
     <span class='ocr_line' id='line_1_7' title="bbox 550 1501 1511 1587; baseline -0.001 -22"><span class='ocrx_word' id='word_1_38' title='bbox 550 1503 666 1566; x_wconf 85' lang='lat' dir='ltr'>exinde</span> <span class='ocrx_word' id='word_1_39' title='bbox 682 1513 791 1564; x_wconf 91' lang='lat' dir='ltr'>contra</span> <span class='ocrx_word' id='word_1_40' title='bbox 809 1502 904 1564; x_wconf 86' lang='lat' dir='ltr'>iidem</span> <span class='ocrx_word' id='word_1_41' title='bbox 922 1501 1061 1587; x_wconf 91' lang='lat' dir='ltr'>conjugii</span> <span class='ocrx_word' id='word_1_42' title='bbox 1078 1514 1308 1586; x_wconf 90' lang='lat' dir='ltr'>processerunt,</span> <span class='ocrx_word' id='word_1_43' title='bbox 1322 1523 1386 1564; x_wconf 93' lang='lat' dir='ltr'>non</span> <span class='ocrx_word' id='word_1_44' title='bbox 1403 1524 1444 1565; x_wconf 81' lang='lat' dir='ltr'>ex</span> <span class='ocrx_word' id='word_1_45' title='bbox 1471 1525 1511 1564; x_wconf 91' lang='lat' dir='ltr'>eo</span> 
     </span>
     <span class='ocr_line' id='line_1_8' title="bbox 551 1603 1507 1690; baseline -0.001 -22"><span class='ocrx_word' id='word_1_46' title='bbox 551 1604 711 1668; x_wconf 86' lang='lat' dir='ltr'>inficiatur</span> <span class='ocrx_word' id='word_1_47' title='bbox 733 1605 881 1690; x_wconf 89' lang='lat' dir='ltr'>primum,</span> <span class='ocrx_word' id='word_1_48' title='bbox 905 1604 961 1667; x_wconf 90' lang='lat' dir='ltr'>sed</span> <span class='ocrx_word' id='word_1_49' title='bbox 988 1604 1148 1690; x_wconf 84' lang='lat' dir='ltr'>sequentis</span> <span class='ocrx_word' id='word_1_50' title='bbox 1175 1603 1374 1668; x_wconf 80' lang='lat' dir='ltr'>contubernii</span> <span class='ocrx_word' id='word_1_51' title='bbox 1402 1616 1507 1667; x_wconf 90' lang='lat' dir='ltr'>reatus</span> 
     </span>
     <span class='ocr_line' id='line_1_9' title="bbox 552 1706 1524 1792; baseline 0.002 -22"><span class='ocrx_word' id='word_1_52' title='bbox 552 1706 704 1790; x_wconf 81' lang='lat' dir='ltr'>arguitur.</span> <span class='ocrx_word' id='word_1_53' title='bbox 752 1707 845 1770; x_wconf 90' lang='lat' dir='ltr'>Patet</span> <span class='ocrx_word' id='word_1_54' title='bbox 861 1728 947 1789; x_wconf 76' lang='lat' dir='ltr'>ergo,</span> <span class='ocrx_word' id='word_1_55' title='bbox 964 1706 1115 1792; x_wconf 91' lang='lat' dir='ltr'>quicquid</span> <span class='ocrx_word' id='word_1_56' title='bbox 1132 1707 1244 1790; x_wconf 90' lang='lat' dir='ltr'>egerit,</span> <span class='ocrx_word' id='word_1_57' title='bbox 1260 1718 1316 1770; x_wconf 89' lang='lat' dir='ltr'>aut</span> <span class='ocrx_word' id='word_1_58' title='bbox 1336 1706 1437 1784; x_wconf 88' lang='lat' dir='ltr'>scivit,</span> <span class='ocrx_word' id='word_1_59' title='bbox 1453 1718 1524 1773; x_wconf 86' lang='lat' dir='ltr'>aut¹</span> 
     </span>
     <span class='ocr_line' id='line_1_10' title="bbox 553 1808 1509 1894; baseline 0.002 -22"><span class='ocrx_word' id='word_1_60' title='bbox 553 1809 632 1872; x_wconf 90' lang='lat' dir='ltr'>scire</span> <span class='ocrx_word' id='word_1_61' title='bbox 648 1809 771 1884; x_wconf 84' lang='lat' dir='ltr'>debuit,</span> <span class='ocrx_word' id='word_1_62' title='bbox 788 1808 844 1872; x_wconf 90' lang='lat' dir='ltr'>sed</span> <span class='ocrx_word' id='word_1_63' title='bbox 859 1831 918 1872; x_wconf 90' lang='lat' dir='ltr'>nec</span> <span class='ocrx_word' id='word_1_64' title='bbox 934 1809 1042 1872; x_wconf 88' lang='lat' dir='ltr'>liberis</span> <span class='ocrx_word' id='word_1_65' title='bbox 1058 1809 1126 1893; x_wconf 90' lang='lat' dir='ltr'>ejus</span> <span class='ocrx_word' id='word_1_66' title='bbox 1142 1810 1290 1894; x_wconf 84' lang='lat' dir='ltr'>prodesse</span> <span class='ocrx_word' id='word_1_67' title='bbox 1306 1809 1413 1886; x_wconf 85' lang='lat' dir='ltr'>debet,</span> <span class='ocrx_word' id='word_1_68' title='bbox 1429 1810 1454 1874; x_wconf 89' lang='lat' dir='ltr'>si</span> <span class='ocrx_word' id='word_1_69' title='bbox 1470 1833 1509 1874; x_wconf 85' lang='lat' dir='ltr'>ex</span> 
     </span>
     <span class='ocr_line' id='line_1_11' title="bbox 551 1910 1506 1996; baseline 0.004 -22"><span class='ocrx_word' id='word_1_70' title='bbox 551 1912 716 1996; x_wconf 84' lang='lat' dir='ltr'>privilegio</span> <span class='ocrx_word' id='word_1_71' title='bbox 731 1911 861 1974; x_wconf 90' lang='lat' dir='ltr'>militari</span> <span class='ocrx_word' id='word_1_72' title='bbox 876 1910 935 1974; x_wconf 90' lang='lat' dir='ltr'>sibi</span> <span class='ocrx_word' id='word_1_73' title='bbox 951 1910 1074 1974; x_wconf 90' lang='lat' dir='ltr'>licitum</span> <span class='ocrx_word' id='word_1_74' title='bbox 1090 1933 1157 1974; x_wconf 86' lang='lat' dir='ltr'>esso</span> <span class='ocrx_word' id='word_1_75' title='bbox 1173 1911 1354 1986; x_wconf 80' lang='lat' dir='ltr'>crediderit,</span> <span class='ocrx_word' id='word_1_76' title='bbox 1370 1927 1406 1975; x_wconf 90' lang='lat' dir='ltr'>ut</span> <span class='ocrx_word' id='word_1_77' title='bbox 1421 1924 1506 1979; x_wconf 87' lang='lat' dir='ltr'>recte</span> 
     </span>
     <span class='ocr_line' id='line_1_12' title="bbox 552 2013 1509 2099; baseline -0.001 -21"><span class='ocrx_word' id='word_1_78' title='bbox 552 2016 716 2099; x_wconf 83' lang='lat' dir='ltr'>agentium</span> <span class='ocrx_word' id='word_1_79' title='bbox 743 2014 819 2077; x_wconf 89' lang='lat' dir='ltr'>fidei</span> <span class='ocrx_word' id='word_1_80' title='bbox 845 2014 978 2098; x_wconf 88' lang='lat' dir='ltr'>impune</span> <span class='ocrx_word' id='word_1_81' title='bbox 1004 2013 1170 2077; x_wconf 87' lang='lat' dir='ltr'>illuderet:</span> <span class='ocrx_word' id='word_1_82' title='bbox 1204 2013 1285 2076; x_wconf 84' lang='lat' dir='ltr'>sorte</span> <span class='ocrx_word' id='word_1_83' title='bbox 1311 2013 1337 2076; x_wconf 89' lang='lat' dir='ltr'>si</span> <span class='ocrx_word' id='word_1_84' title='bbox 1363 2026 1509 2078; x_wconf 89' lang='lat' dir='ltr'>materna</span> 
     </span>
     <span class='ocr_line' id='line_1_13' title="bbox 552 2115 1506 2202; baseline 0 -22"><span class='ocrx_word' id='word_1_85' title='bbox 552 2131 714 2202; x_wconf 90' lang='lat' dir='ltr'>peteretur</span> <span class='ocrx_word' id='word_1_86' title='bbox 740 2116 919 2197; x_wconf 67' lang='lat' dir='ltr'>haereditas,</span> <span class='ocrx_word' id='word_1_87' title='bbox 934 2116 1050 2180; x_wconf 79' lang='lat' dir='ltr'>tiberis</span> <span class='ocrx_word' id='word_1_88' title='bbox 1076 2115 1211 2201; x_wconf 88' lang='lat' dir='ltr'>prospici</span> <span class='ocrx_word' id='word_1_89' title='bbox 1239 2129 1363 2201; x_wconf 89' lang='lat' dir='ltr'>poterat</span> <span class='ocrx_word' id='word_1_90' title='bbox 1387 2117 1420 2179; x_wconf 93' lang='lat' dir='ltr'>in</span> <span class='ocrx_word' id='word_1_91' title='bbox 1446 2117 1506 2180; x_wconf 89' lang='lat' dir='ltr'>hac</span> 
     </span>
     <span class='ocr_line' id='line_1_14' title="bbox 551 2218 1507 2305; baseline 0.001 -23"><span class='ocrx_word' id='word_1_92' title='bbox 551 2233 651 2304; x_wconf 88' lang='lat' dir='ltr'>parte,</span> <span class='ocrx_word' id='word_1_93' title='bbox 676 2241 714 2282; x_wconf 91' lang='lat' dir='ltr'>eo</span> <span class='ocrx_word' id='word_1_94' title='bbox 737 2219 823 2305; x_wconf 91' lang='lat' dir='ltr'>quod</span> <span class='ocrx_word' id='word_1_95' title='bbox 847 2231 949 2282; x_wconf 88' lang='lat' dir='ltr'>mater</span> <span class='ocrx_word' id='word_1_96' title='bbox 971 2230 1117 2303; x_wconf 88' lang='lat' dir='ltr'>potuerat</span> <span class='ocrx_word' id='word_1_97' title='bbox 1139 2218 1172 2280; x_wconf 88' lang='lat' dir='ltr'>iu</span> <span class='ocrx_word' id='word_1_98' title='bbox 1195 2219 1411 2283; x_wconf 89' lang='lat' dir='ltr'>contrahendo</span> <span class='ocrx_word' id='word_1_99' title='bbox 1431 2241 1507 2283; x_wconf 89' lang='lat' dir='ltr'>con-</span> 
     </span>
     <span class='ocr_line' id='line_1_15' title="bbox 548 2319 1508 2408; baseline 0.003 -26"><span class='ocrx_word' id='word_1_100' title='bbox 548 2320 640 2405; x_wconf 83' lang='lat' dir='ltr'>jugio</span> <span class='ocrx_word' id='word_1_101' title='bbox 663 2320 820 2383; x_wconf 88' lang='lat' dir='ltr'>sinistram</span> <span class='ocrx_word' id='word_1_102' title='bbox 845 2319 1070 2384; x_wconf 85' lang='lat' dir='ltr'>conscientiam</span> <span class='ocrx_word' id='word_1_103' title='bbox 1094 2341 1159 2384; x_wconf 94' lang='lat' dir='ltr'>non</span> <span class='ocrx_word' id='word_1_104' title='bbox 1185 2319 1312 2385; x_wconf 90' lang='lat' dir='ltr'>habere.</span> <span class='ocrx_word' id='word_1_105' title='bbox 1361 2322 1406 2384; x_wconf 81' lang='lat' dir='ltr'>At</span> <span class='ocrx_word' id='word_1_106' title='bbox 1432 2321 1508 2408; x_wconf 90' lang='lat' dir='ltr'>quia</span> 
     </span>
     <span class='ocr_line' id='line_1_16' title="bbox 553 2422 1523 2509; baseline 0.003 -25"><span class='ocrx_word' id='word_1_107' title='bbox 553 2423 594 2485; x_wconf 91' lang='lat' dir='ltr'>de</span> <span class='ocrx_word' id='word_1_108' title='bbox 617 2436 748 2506; x_wconf 87' lang='lat' dir='ltr'>paterna</span> <span class='ocrx_word' id='word_1_109' title='bbox 770 2423 966 2486; x_wconf 88' lang='lat' dir='ltr'>successione</span> <span class='ocrx_word' id='word_1_110' title='bbox 990 2423 1103 2505; x_wconf 88' lang='lat' dir='ltr'>agitur,</span> <span class='ocrx_word' id='word_1_111' title='bbox 1126 2422 1222 2507; x_wconf 89' lang='lat' dir='ltr'>patris</span> <span class='ocrx_word' id='word_1_112' title='bbox 1244 2422 1370 2487; x_wconf 84' lang='lat' dir='ltr'>fallacia</span> <span class='ocrx_word' id='word_1_113' title='bbox 1389 2446 1523 2509; x_wconf 71' lang='lat' dir='ltr'>nequa-¹</span> 
     </span>
     <span class='ocr_line' id='line_1_17' title="bbox 553 2526 1508 2612; baseline -0.001 -22"><span class='ocrx_word' id='word_1_114' title='bbox 553 2549 649 2612; x_wconf 91' lang='lat' dir='ltr'>quarn</span> <span class='ocrx_word' id='word_1_115' title='bbox 666 2527 773 2591; x_wconf 87' lang='lat' dir='ltr'>liberis</span> <span class='ocrx_word' id='word_1_116' title='bbox 788 2526 986 2609; x_wconf 84' lang='lat' dir='ltr'>suffragatur,</span> <span class='ocrx_word' id='word_1_117' title='bbox 1003 2527 1102 2610; x_wconf 85' lang='lat' dir='ltr'>parcit</span> <span class='ocrx_word' id='word_1_118' title='bbox 1116 2526 1277 2589; x_wconf 88' lang='lat' dir='ltr'>interdum</span> <span class='ocrx_word' id='word_1_119' title='bbox 1297 2527 1508 2591; x_wconf 89' lang='lat' dir='ltr'>mansuetudo</span> 
     </span>
     <span class='ocr_line' id='line_1_18' title="bbox 553 2630 1508 2716; baseline 0 -23"><span class='ocrx_word' id='word_1_120' title='bbox 553 2630 661 2714; x_wconf 88' lang='lat' dir='ltr'>legum</span> <span class='ocrx_word' id='word_1_121' title='bbox 682 2632 740 2707; x_wconf 87' lang='lat' dir='ltr'>his,</span> <span class='ocrx_word' id='word_1_122' title='bbox 757 2632 798 2695; x_wconf 91' lang='lat' dir='ltr'>ab</span> <span class='ocrx_word' id='word_1_123' title='bbox 813 2630 993 2714; x_wconf 84' lang='lat' dir='ltr'>ignorantia</span> <span class='ocrx_word' id='word_1_124' title='bbox 1012 2630 1196 2709; x_wconf 87' lang='lat' dir='ltr'>convinctis,</span> <span class='ocrx_word' id='word_1_125' title='bbox 1211 2630 1266 2716; x_wconf 90' lang='lat' dir='ltr'>qui</span> <span class='ocrx_word' id='word_1_126' title='bbox 1287 2631 1409 2695; x_wconf 89' lang='lat' dir='ltr'>ratione</span> <span class='ocrx_word' id='word_1_127' title='bbox 1435 2653 1508 2714; x_wconf 91' lang='lat' dir='ltr'>cog-</span> 
     </span>
     <span class='ocr_line' id='line_1_19' title="bbox 554 2733 1508 2820; baseline 0.001 -23"><span class='ocrx_word' id='word_1_128' title='bbox 554 2735 689 2798; x_wconf 88' lang='lat' dir='ltr'>nationis</span> <span class='ocrx_word' id='word_1_129' title='bbox 704 2735 745 2798; x_wconf 92' lang='lat' dir='ltr'>ab</span> <span class='ocrx_word' id='word_1_130' title='bbox 763 2733 900 2798; x_wconf 90' lang='lat' dir='ltr'>invicem</span> <span class='ocrx_word' id='word_1_131' title='bbox 920 2747 1116 2818; x_wconf 88' lang='lat' dir='ltr'>separantur,</span> <span class='ocrx_word' id='word_1_132' title='bbox 1132 2733 1312 2820; x_wconf 86' lang='lat' dir='ltr'>liberosque</span> <span class='ocrx_word' id='word_1_133' title='bbox 1334 2756 1443 2798; x_wconf 89' lang='lat' dir='ltr'>eorum</span> <span class='ocrx_word' id='word_1_134' title='bbox 1466 2735 1508 2799; x_wconf 92' lang='lat' dir='ltr'>ab</span> 
     </span>
     <span class='ocr_line' id='line_1_20' title="bbox 551 2835 1507 2922; baseline 0 -21"><span class='ocrx_word' id='word_1_135' title='bbox 551 2837 693 2919; x_wconf 86' lang='lat' dir='ltr'>infamia,</span> <span class='ocrx_word' id='word_1_136' title='bbox 709 2849 742 2902; x_wconf 90' lang='lat' dir='ltr'>et</span> <span class='ocrx_word' id='word_1_137' title='bbox 762 2836 957 2901; x_wconf 77' lang='lat' dir='ltr'>haereditatis</span> <span class='ocrx_word' id='word_1_138' title='bbox 978 2836 1095 2900; x_wconf 91' lang='lat' dir='ltr'>damno</span> <span class='ocrx_word' id='word_1_139' title='bbox 1116 2835 1242 2913; x_wconf 89' lang='lat' dir='ltr'>liberat,</span> <span class='ocrx_word' id='word_1_140' title='bbox 1264 2858 1343 2922; x_wconf 91' lang='lat' dir='ltr'>quas</span> <span class='ocrx_word' id='word_1_141' title='bbox 1362 2835 1507 2902; x_wconf 85' lang='lat' dir='ltr'>ecciesiae</span> 
     </span>
     <span class='ocr_line' id='line_1_21' title="bbox 552 2938 1511 3025; baseline 0.001 -22"><span class='ocrx_word' id='word_1_142' title='bbox 552 2962 609 3025; x_wconf 90' lang='lat' dir='ltr'>per</span> <span class='ocrx_word' id='word_1_143' title='bbox 624 2941 835 3025; x_wconf 86' lang='lat' dir='ltr'>ignorantiam</span> <span class='ocrx_word' id='word_1_144' title='bbox 851 2940 1026 3024; x_wconf 89' lang='lat' dir='ltr'>detemptae</span> <span class='ocrx_word' id='word_1_145' title='bbox 1042 2938 1206 3023; x_wconf 87' lang='lat' dir='ltr'>conjungit</span> <span class='ocrx_word' id='word_1_146' title='bbox 1225 2938 1405 3003; x_wconf 84' lang='lat' dir='ltr'>auctoritas.</span> <span class='ocrx_word' id='word_1_147' title='bbox 1445 2940 1511 3004; x_wconf 86' lang='lat' dir='ltr'>Sed</span> 
     </span>
     <span class='ocr_line' id='line_1_22' title="bbox 551 3042 1509 3129; baseline 0.001 -23"><span class='ocrx_word' id='word_1_148' title='bbox 551 3042 585 3106; x_wconf 90' lang='lat' dir='ltr'>in</span> <span class='ocrx_word' id='word_1_149' title='bbox 600 3066 654 3107; x_wconf 89' lang='lat' dir='ltr'>eos</span> <span class='ocrx_word' id='word_1_150' title='bbox 669 3043 753 3128; x_wconf 90' lang='lat' dir='ltr'>rigor</span> <span class='ocrx_word' id='word_1_151' title='bbox 766 3045 874 3127; x_wconf 87' lang='lat' dir='ltr'>legum</span> <span class='ocrx_word' id='word_1_152' title='bbox 895 3054 929 3107; x_wconf 92' lang='lat' dir='ltr'>et</span> <span class='ocrx_word' id='word_1_153' title='bbox 950 3043 1118 3107; x_wconf 89' lang='lat' dir='ltr'>Cauonum</span> <span class='ocrx_word' id='word_1_154' title='bbox 1135 3054 1313 3119; x_wconf 84' lang='lat' dir='ltr'>exercetur,</span> <span class='ocrx_word' id='word_1_155' title='bbox 1330 3042 1386 3129; x_wconf 92' lang='lat' dir='ltr'>qui</span> <span class='ocrx_word' id='word_1_156' title='bbox 1405 3042 1509 3107; x_wconf 90' lang='lat' dir='ltr'>inces-</span> 
     </span>
     <span class='ocr_line' id='line_1_23' title="bbox 552 3143 1510 3229; baseline -0.002 -20"><span class='ocrx_word' id='word_1_157' title='bbox 552 3155 652 3222; x_wconf 88' lang='lat' dir='ltr'>tuose,</span> <span class='ocrx_word' id='word_1_158' title='bbox 684 3158 739 3209; x_wconf 84' lang='lat' dir='ltr'>aut</span> <span class='ocrx_word' id='word_1_159' title='bbox 768 3146 877 3209; x_wconf 89' lang='lat' dir='ltr'>illicite</span> <span class='ocrx_word' id='word_1_160' title='bbox 908 3156 1035 3220; x_wconf 89' lang='lat' dir='ltr'>coeunt,</span> <span class='ocrx_word' id='word_1_161' title='bbox 1063 3144 1210 3220; x_wconf 88' lang='lat' dir='ltr'>scienter,</span> <span class='ocrx_word' id='word_1_162' title='bbox 1236 3144 1311 3229; x_wconf 85' lang='lat' dir='ltr'>jura</span> <span class='ocrx_word' id='word_1_163' title='bbox 1340 3143 1447 3208; x_wconf 89' lang='lat' dir='ltr'>divino</span> <span class='ocrx_word' id='word_1_164' title='bbox 1477 3155 1510 3207; x_wconf 90' lang='lat' dir='ltr'>et</span> 
     </span>
     <span class='ocr_line' id='line_1_24' title="bbox 552 3245 1507 3331; baseline 0 -23"><span class='ocrx_word' id='word_1_165' title='bbox 552 3245 693 3310; x_wconf 92' lang='lat' dir='ltr'>humano</span> <span class='ocrx_word' id='word_1_166' title='bbox 709 3246 826 3331; x_wconf 89' lang='lat' dir='ltr'>pariter</span> <span class='ocrx_word' id='word_1_167' title='bbox 838 3246 1035 3331; x_wconf 87' lang='lat' dir='ltr'>prohibente.</span> <span class='ocrx_word' id='word_1_168' title='bbox 1065 3245 1185 3309; x_wconf 88' lang='lat' dir='ltr'>Contra</span> <span class='ocrx_word' id='word_1_169' title='bbox 1197 3246 1267 3309; x_wconf 86' lang='lat' dir='ltr'>haec</span> <span class='ocrx_word' id='word_1_170' title='bbox 1278 3268 1351 3331; x_wconf 88' lang='lat' dir='ltr'>pars</span> <span class='ocrx_word' id='word_1_171' title='bbox 1364 3245 1507 3311; x_wconf 87' lang='lat' dir='ltr'>Mabiliae</span> 
     </span>
     <span class='ocr_line' id='line_1_25' title="bbox 553 3337 1508 3434; baseline 0.002 -24"><span class='ocrx_word' id='word_1_172' title='bbox 553 3348 655 3413; x_wconf 90' lang='lat' dir='ltr'>multa</span> <span class='ocrx_word' id='word_1_173' title='bbox 684 3337 846 3434; x_wconf 88' lang='lat' dir='ltr'>proposuit</span> <span class='ocrx_word' id='word_1_174' title='bbox 871 3348 904 3412; x_wconf 91' lang='lat' dir='ltr'>in</span> <span class='ocrx_word' id='word_1_175' title='bbox 931 3349 1115 3432; x_wconf 85' lang='lat' dir='ltr'>suffragium</span> <span class='ocrx_word' id='word_1_176' title='bbox 1144 3349 1301 3412; x_wconf 88' lang='lat' dir='ltr'>rationum</span> <span class='ocrx_word' id='word_1_177' title='bbox 1328 3362 1362 3412; x_wconf 89' lang='lat' dir='ltr'>et</span> <span class='ocrx_word' id='word_1_178' title='bbox 1388 3348 1508 3433; x_wconf 87' lang='lat' dir='ltr'>legum,</span> 
     </span>
     <span class='ocr_line' id='line_1_26' title="bbox 553 3450 1511 3537; baseline 0.002 -24"><span class='ocrx_word' id='word_1_179' title='bbox 553 3450 663 3514; x_wconf 87' lang='lat' dir='ltr'>multis</span> <span class='ocrx_word' id='word_1_180' title='bbox 677 3452 828 3515; x_wconf 91' lang='lat' dir='ltr'>utebatur</span> <span class='ocrx_word' id='word_1_181' title='bbox 842 3452 996 3537; x_wconf 87' lang='lat' dir='ltr'>exemplis</span> <span class='ocrx_word' id='word_1_182' title='bbox 1018 3453 1139 3530; x_wconf 87' lang='lat' dir='ltr'>dicens,</span> <span class='ocrx_word' id='word_1_183' title='bbox 1156 3452 1361 3537; x_wconf 87' lang='lat' dir='ltr'>impossibile,</span> <span class='ocrx_word' id='word_1_184' title='bbox 1378 3464 1434 3515; x_wconf 87' lang='lat' dir='ltr'>aut</span> <span class='ocrx_word' id='word_1_185' title='bbox 1449 3452 1511 3515; x_wconf 84' lang='lat' dir='ltr'>dif-</span> 
     </span>
     <span class='ocr_line' id='line_1_27' title="bbox 553 3552 1511 3642; baseline 0.003 -27"><span class='ocrx_word' id='word_1_186' title='bbox 553 3552 742 3628; x_wconf 83' lang='lat' dir='ltr'>ficillimum,</span> <span class='ocrx_word' id='word_1_187' title='bbox 754 3566 789 3617; x_wconf 94' lang='lat' dir='ltr'>ut</span> <span class='ocrx_word' id='word_1_188' title='bbox 799 3553 891 3618; x_wconf 91' lang='lat' dir='ltr'>liberi</span> <span class='ocrx_word' id='word_1_189' title='bbox 903 3554 985 3637; x_wconf 90' lang='lat' dir='ltr'>regis</span> <span class='ocrx_word' id='word_1_190' title='bbox 996 3554 1202 3630; x_wconf 87' lang='lat' dir='ltr'>Francorum,</span> <span class='ocrx_word' id='word_1_191' title='bbox 1212 3555 1422 3640; x_wconf 86' lang='lat' dir='ltr'>aliorumque,</span> <span class='ocrx_word' id='word_1_192' title='bbox 1431 3576 1511 3642; x_wconf 88' lang='lat' dir='ltr'>quos</span> 
     </span>
     <span class='ocr_line' id='line_1_28' title="bbox 553 3655 1511 3742; baseline 0 -23"><span class='ocrx_word' id='word_1_193' title='bbox 553 3655 771 3736; x_wconf 86' lang='lat' dir='ltr'>nominabant,</span> <span class='ocrx_word' id='word_1_194' title='bbox 786 3656 1100 3736; x_wconf 74' lang='lat' dir='ltr'>exhaereditarentur,</span> <span class='ocrx_word' id='word_1_195' title='bbox 1116 3657 1157 3719; x_wconf 91' lang='lat' dir='ltr'>ob</span> <span class='ocrx_word' id='word_1_196' title='bbox 1173 3656 1232 3720; x_wconf 91' lang='lat' dir='ltr'>hoc</span> <span class='ocrx_word' id='word_1_197' title='bbox 1248 3656 1335 3742; x_wconf 92' lang='lat' dir='ltr'>quod</span> <span class='ocrx_word' id='word_1_198' title='bbox 1349 3656 1433 3720; x_wconf 90' lang='lat' dir='ltr'>iuter</span> <span class='ocrx_word' id='word_1_199' title='bbox 1452 3679 1511 3742; x_wconf 90' lang='lat' dir='ltr'>pa-</span> 
     </span>
     <span class='ocr_line' id='line_1_29' title="bbox 552 3757 1597 3840; baseline 0.001 -20"><span class='ocrx_word' id='word_1_200' title='bbox 552 3773 657 3821; x_wconf 90' lang='lat' dir='ltr'>rentes</span> <span class='ocrx_word' id='word_1_201' title='bbox 672 3781 782 3822; x_wconf 90' lang='lat' dir='ltr'>eorum</span> <span class='ocrx_word' id='word_1_202' title='bbox 798 3760 840 3823; x_wconf 89' lang='lat' dir='ltr'>sit</span> <span class='ocrx_word' id='word_1_203' title='bbox 853 3757 1025 3821; x_wconf 89' lang='lat' dir='ltr'>divortium</span> <span class='ocrx_word' id='word_1_204' title='bbox 1045 3758 1188 3840; x_wconf 90' lang='lat' dir='ltr'>legitime</span> <span class='ocrx_word' id='word_1_205' title='bbox 1209 3758 1425 3822; x_wconf 88' lang='lat' dir='ltr'>celebratum:</span> <span class='ocrx_word' id='word_1_206' title='bbox 1448 3780 1508 3822; x_wconf 90' lang='lat' dir='ltr'>nec</span> <span class='ocrx_word' id='word_1_207' title='bbox 1594 3832 1597 3836; x_wconf 23' lang='lat'>¹</span> 
     </span>
     <span class='ocr_line' id='line_1_30' title="bbox 552 3860 1510 3947; baseline 0 -23"><span class='ocrx_word' id='word_1_208' title='bbox 552 3873 660 3926; x_wconf 89' lang='lat' dir='ltr'>tamen</span> <span class='ocrx_word' id='word_1_209' title='bbox 683 3864 768 3926; x_wconf 89' lang='lat' dir='ltr'>inter</span> <span class='ocrx_word' id='word_1_210' title='bbox 794 3875 940 3947; x_wconf 88' lang='lat' dir='ltr'>parentes</span> <span class='ocrx_word' id='word_1_211' title='bbox 962 3883 1035 3925; x_wconf 88' lang='lat' dir='ltr'>suos</span> <span class='ocrx_word' id='word_1_212' title='bbox 1060 3860 1232 3924; x_wconf 89' lang='lat' dir='ltr'>divortium</span> <span class='ocrx_word' id='word_1_213' title='bbox 1258 3860 1401 3945; x_wconf 87' lang='lat' dir='ltr'>legitime</span> <span class='ocrx_word' id='word_1_214' title='bbox 1426 3860 1510 3925; x_wconf 87' lang='lat' dir='ltr'>ceie-</span> 
     </span>
     <span class='ocr_line' id='line_1_31' title="bbox 551 3962 1510 4051; baseline 0 -24"><span class='ocrx_word' id='word_1_215' title='bbox 551 3964 677 4028; x_wconf 90' lang='lat' dir='ltr'>bratum</span> <span class='ocrx_word' id='word_1_216' title='bbox 695 3989 766 4051; x_wconf 89' lang='lat' dir='ltr'>pars</span> <span class='ocrx_word' id='word_1_217' title='bbox 785 3966 930 4030; x_wconf 87' lang='lat' dir='ltr'>Mabiliae</span> <span class='ocrx_word' id='word_1_218' title='bbox 952 3965 1123 4039; x_wconf 86' lang='lat' dir='ltr'>fatebatur,</span> <span class='ocrx_word' id='word_1_219' title='bbox 1139 3964 1213 4047; x_wconf 84' lang='lat' dir='ltr'>jura</span> <span class='ocrx_word' id='word_1_220' title='bbox 1234 3985 1361 4049; x_wconf 88' lang='lat' dir='ltr'>quoque</span> <span class='ocrx_word' id='word_1_221' title='bbox 1381 3962 1510 4027; x_wconf 88' lang='lat' dir='ltr'>dicebat</span> 
     </span>
     <span class='ocr_line' id='line_1_32' title="bbox 553 4066 1507 4150; baseline -0.001 -21"><span class='ocrx_word' id='word_1_222' title='bbox 553 4069 700 4150; x_wconf 87' lang='lat' dir='ltr'>proniora</span> <span class='ocrx_word' id='word_1_223' title='bbox 729 4069 770 4131; x_wconf 87' lang='lat' dir='ltr'>ad</span> <span class='ocrx_word' id='word_1_224' title='bbox 800 4068 1044 4143; x_wconf 81' lang='lat' dir='ltr'>absolutionem,</span> <span class='ocrx_word' id='word_1_225' title='bbox 1073 4066 1249 4150; x_wconf 88' lang='lat' dir='ltr'>praesertim</span> <span class='ocrx_word' id='word_1_226' title='bbox 1277 4066 1507 4140; x_wconf 86' lang='lat' dir='ltr'>innocentium,</span> 
     </span>
     <span class='ocr_line' id='line_1_33' title="bbox 553 4166 1508 4253; baseline 0.002 -25"><span class='ocrx_word' id='word_1_227' title='bbox 553 4188 631 4253; x_wconf 89' lang='lat' dir='ltr'>quos</span> <span class='ocrx_word' id='word_1_228' title='bbox 660 4166 805 4253; x_wconf 92' lang='lat' dir='ltr'>iniquum</span> <span class='ocrx_word' id='word_1_229' title='bbox 835 4181 883 4232; x_wconf 91' lang='lat' dir='ltr'>est</span> <span class='ocrx_word' id='word_1_230' title='bbox 913 4170 1018 4232; x_wconf 89' lang='lat' dir='ltr'>alieno</span> <span class='ocrx_word' id='word_1_231' title='bbox 1047 4168 1165 4231; x_wconf 89' lang='lat' dir='ltr'>delicto</span> <span class='ocrx_word' id='word_1_232' title='bbox 1199 4168 1420 4233; x_wconf 87' lang='lat' dir='ltr'>condemnari:</span> <span class='ocrx_word' id='word_1_233' title='bbox 1458 4189 1508 4231; x_wconf 91' lang='lat' dir='ltr'>se-</span> 
     </span>
     <span class='ocr_line' id='line_1_34' title="bbox 553 4269 1509 4357; baseline -0.002 -24"><span class='ocrx_word' id='word_1_234' title='bbox 553 4269 749 4357; x_wconf 78' lang='lat' dir='ltr'>parationem</span> <span class='ocrx_word' id='word_1_235' title='bbox 776 4293 851 4334; x_wconf 80' lang='lat' dir='ltr'>vero</span> <span class='ocrx_word' id='word_1_236' title='bbox 877 4272 910 4334; x_wconf 92' lang='lat' dir='ltr'>iu</span> <span class='ocrx_word' id='word_1_237' title='bbox 937 4272 1057 4356; x_wconf 90' lang='lat' dir='ltr'>synodo</span> <span class='ocrx_word' id='word_1_238' title='bbox 1088 4270 1304 4335; x_wconf 71' lang='lat' dir='ltr'>londoniensi</span> <span class='ocrx_word' id='word_1_239' title='bbox 1335 4293 1354 4335; x_wconf 92' lang='lat' dir='ltr'>a</span> <span class='ocrx_word' id='word_1_240' title='bbox 1379 4269 1509 4333; x_wconf 90' lang='lat' dir='ltr'>domino</span> 
     </span>
     <span class='ocr_line' id='line_1_35' title="bbox 556 4372 1510 4458; baseline -0.003 -20"><span class='ocrx_word' id='word_1_241' title='bbox 556 4372 765 4438; x_wconf 89' lang='lat' dir='ltr'>Wintoniensi</span> <span class='ocrx_word' id='word_1_242' title='bbox 781 4394 843 4436; x_wconf 92' lang='lat' dir='ltr'>non</span> <span class='ocrx_word' id='word_1_243' title='bbox 859 4373 979 4437; x_wconf 85' lang='lat' dir='ltr'>facturn</span> <span class='ocrx_word' id='word_1_244' title='bbox 995 4396 1034 4437; x_wconf 96' lang='lat' dir='ltr'>eo</span> <span class='ocrx_word' id='word_1_245' title='bbox 1050 4374 1211 4437; x_wconf 85' lang='lat' dir='ltr'>nitebatur</span> <span class='ocrx_word' id='word_1_246' title='bbox 1229 4374 1408 4456; x_wconf 86' lang='lat' dir='ltr'>ostendere,</span> <span class='ocrx_word' id='word_1_247' title='bbox 1423 4372 1510 4458; x_wconf 93' lang='lat' dir='ltr'>quod</span> 
     </span>
     <span class='ocr_line' id='line_1_36' title="bbox 553 4474 1524 4565; baseline -0.007 -22"><span class='ocrx_word' id='word_1_248' title='bbox 553 4478 726 4565; x_wconf 83' lang='lat' dir='ltr'>antequam</span> <span class='ocrx_word' id='word_1_249' title='bbox 742 4476 879 4563; x_wconf 86' lang='lat' dir='ltr'>synodus</span> <span class='ocrx_word' id='word_1_250' title='bbox 900 4476 966 4555; x_wconf 86' lang='lat' dir='ltr'>illa,</span> <span class='ocrx_word' id='word_1_251' title='bbox 983 4498 1079 4562; x_wconf 88' lang='lat' dir='ltr'>quam</span> <span class='ocrx_word' id='word_1_252' title='bbox 1100 4476 1198 4539; x_wconf 92' lang='lat' dir='ltr'>solam</span> <span class='ocrx_word' id='word_1_253' title='bbox 1218 4476 1287 4560; x_wconf 89' lang='lat' dir='ltr'>jam</span> <span class='ocrx_word' id='word_1_254' title='bbox 1308 4477 1412 4540; x_wconf 89' lang='lat' dir='ltr'>dictus</span> <span class='ocrx_word' id='word_1_255' title='bbox 1427 4474 1524 4559; x_wconf 69' lang='lat' dir='ltr'>epis.</span> 
     </span>
    </p>
   </div>
   <div class='ocr_carea' id='block_1_3' title="bbox 0 0 1947 5725">
    <p class='ocr_par' dir='ltr' id='par_1_3' title="bbox 0 0 1947 5725">
     <span class='ocr_line' id='line_1_37' title="bbox 0 0 1947 5725; baseline 0 0"><span class='ocrx_word' id='word_1_256' title='bbox 0 0 1947 5725; x_wconf 95' lang='lat' dir='ltr'> </span> 
     </span>
    </p>
   </div>
  </div>
 </body>
</html>
