3875 5725
440 868 549 948 1165]
609 937 613 945 ,
820 883 997 929 rrrsrorm.
1323 867 1382 925 201

481 1041 532 1102 De
548 1038 663 1101 Cantia
682 1051 786 1100 autem
808 1035 889 1098 nihil
905 1035 1022 1098 audivi.
1062 1030 1278 1096 Veruntamen
1300 1046 1389 1117 post·

438 1159 533 1221 quam
558 1158 638 1221 puer
660 1158 749 1200 meus
772 1159 790 1198 a
813 1137 904 1198 vobis
926 1156 1071 1198 reversus
1091 1144 1148 1212 est,
1167 1133 1275 1197 audivi
1299 1136 1387 1217 quod

436 1260 493 1301 rex
518 1239 684 1302 Scotorum
704 1239 873 1321 scripserat
894 1237 995 1309 robiS,
1012 1249 1044 1298 et
1065 1236 1151 1320 quod
1174 1235 1354 1300 obtinuerat
1368 1260 1388 1301 a

438 1360 509 1420 rege
533 1360 646 1421 pacem
671 1352 815 1403 vestram.
854 1337 919 1402 Sed
944 1359 1010 1400 non
1034 1338 1124 1420 potui
1150 1334 1245 1400 fidem
1270 1338 1388 1402 habero

439 1441 559 1504 verbis:
595 1455 661 1504 tum
690 1441 766 1524 quia
792 1440 889 1503 audio
917 1440 1084 1502 Scotorum
1111 1460 1220 1520 regem
1245 1460 1310 1502 non
1336 1461 1390 1504 ac·

438 1544 571 1606 cessisse
592 1541 631 1604 ad
654 1553 807 1618 nostrum,
823 1553 890 1603 tum
913 1541 990 1624 quia
1008 1540 1172 1620 negotium
1194 1552 1258 1602 tam
1275 1542 1389 1606 acriter

437 1644 601 1724 inceptum
618 1641 720 1718 video,
732 1654 767 1703 ut
781 1662 846 1703 nou
861 1641 964 1723 possit
978 1641 1047 1702 sine
1059 1640 1214 1703 miraculo
1229 1641 1323 1705 facile
1334 1664 1392 1726 per

438 1743 545 1804 literas
567 1739 723 1822 expediri.
761 1740 920 1802 Praeterea
934 1739 1051 1801 dicitur
1069 1739 1155 1821 quod
1172 1761 1280 1803 comes
1295 1742 1390 1805 Flan-

440 1841 564 1904 drensis
587 1850 699 1922 rogatu
721 1839 931 1923 imperatricis
958 1850 990 1901 et
1013 1839 1129 1918 reginae
1151 1862 1285 1921 magnos
1306 1843 1391 1907 viros

439 1941 525 2004 misit
540 1941 581 2004 ad
602 1962 720 2022 regem,
735 1961 834 2020 agens
850 1939 890 2002 de
911 1959 993 2021 pace
1009 1949 1120 2014 vestra,
1136 1954 1169 2003 et
1188 1941 1272 2024 quod
1290 1943 1391 2007 redie·
1428 2013 1433 2022 ,

438 2056 521 2105 runt.
559 2043 623 2107 Sed
638 2042 716 2126 quid
737 2042 909 2119 retulerint,
925 2041 1081 2103 incertum
1101 2040 1215 2105 habeo.
1254 2045 1305 2108 Ad
1321 2047 1390 2109 haec

440 2145 570 2227 quidam
583 2144 622 2207 de
635 2143 821 2207 domesticis
834 2143 954 2220 vestris,
966 2152 1002 2205 ut
1013 2142 1119 2219 audio,
1130 2145 1171 2206 ab
1183 2147 1392 2229 expeditione

439 2246 566 2310 Walliae
582 2247 623 2310 ad
639 2267 695 2307 ros
710 2247 826 2308 reversi
839 2254 921 2307 sunt.
961 2241 1011 2307 Ea
1026 2256 1153 2327 propter
1166 2247 1246 2310 mihi
1261 2249 1393 2313 rescribi

438 2368 560 2429 precor,
585 2358 617 2410 et
641 2347 681 2410 de
706 2346 838 2420 nuncio,
863 2367 957 2428 quem
985 2343 1026 2408 ad
1053 2368 1110 2409 vos
1136 2350 1308 2415 transmisit
1332 2373 1390 2416 rex

440 2449 570 2528 Senties,
590 2461 621 2512 et
643 2449 682 2511 de
705 2448 833 2512 nunciis
856 2448 982 2512 comitis
1000 2448 1207 2513 Flandrensis
1226 2450 1393 2518 destinatis

440 2549 480 2611 ad
495 2571 613 2630 regem,
624 2560 656 2612 et
672 2551 760 2634 quod
776 2549 909 2613 audistis
920 2548 960 2611 de
974 2549 1103 2612 domino
1114 2571 1198 2631 rege,
1210 2555 1393 2618 etWallen·

439 2650 538 2725 sibus,
554 2659 586 2711 et
601 2651 629 2712 si
645 2649 723 2732 quid
739 2649 778 2712 de
794 2650 925 2712 domino
941 2671 1027 2732 papa
1042 2651 1134 2712 vobis
1148 2649 1296 2733 innotuit,
1307 2669 1392 2739 post·

440 2771 535 2832 quam
553 2750 638 2812 venit
652 2750 693 2812 ad
709 2762 848 2811 montem
863 2749 1082 2812 Pessulanum.

484 2850 641 2914 Desidero
664 2863 768 2914 autem
794 2849 834 2913 de
856 2871 894 2911 eo
917 2850 1025 2913 audire
1048 2872 1210 2935 prospera,
1234 2878 1272 2919 eo
1292 2860 1393 2941 magis

442 2974 506 3036 quo
521 2953 570 3015 illi
590 2974 631 3015 ex
648 2974 765 3033 magna
785 2962 882 3035 parte,
896 2952 980 3014 inter
999 2975 1080 3035 quos
1100 2976 1216 3031 moror,
1231 2958 1261 3020 ei
1283 2962 1390 3024 ratici-

441 3067 558 3118 nantur
571 3054 711 3118 adversa.
744 3055 868 3117 Dicunt
879 3055 964 3116 enim
978 3054 1064 3137 quod
1077 3051 1185 3119 Pisani
1197 3069 1229 3121 et
1241 3061 1393 3125 Ganuen-

442 3179 502 3234 ses,
517 3179 554 3221 ac
571 3157 666 3219 etiam
682 3157 884 3219 Arelatenses
904 3177 990 3218 mare
1005 3156 1141 3237 ingressi
1156 3170 1231 3222 sunt
1246 3182 1287 3223 ex
1302 3184 1391 3227 man-

443 3259 517 3323 dato
548 3257 717 3321 Teutonici
747 3257 883 3341 tyranni,
912 3267 947 3319 ut
974 3258 1004 3320 ei
1034 3258 1166 3321 tendant
1191 3261 1334 3341 insidias,
1360 3257 1403 3329 et'

442 3360 606 3442 piraticam
633 3371 823 3434 exerceant3
854 3367 890 3420 ut
915 3357 984 3420 sine
1008 3359 1258 3426 manuductione
1283 3386 1392 3429 eorum

442 3459 523 3522 nulli
538 3458 669 3522 omnino
691 3458 786 3521 liceat
801 3458 948 3539 navigare
968 3458 1003 3520 in
1019 3458 1076 3521 illo
1096 3462 1184 3524 mari.
1223 3461 1391 3545 Adjiciunt

440 3562 535 3624 etiam
555 3560 641 3644 quod
656 3561 688 3623 in
709 3560 879 3623 ecclesiam
895 3560 1118 3640 Moguntinam
1139 3564 1214 3626 velit
1233 3566 1392 3633 intrudere

440 3663 529 3725 illum
546 3683 613 3725 non
625 3661 853 3738 Christianum,
862 3660 919 3723 sed
933 3660 1204 3739 Anti-Christum,
1216 3679 1393 3747 apostatam

443 3784 547 3838 suum,
564 3763 618 3846 qui
636 3762 819 3842 Reginaldo
835 3762 992 3824 successit
1006 3762 1039 3823 in
1055 3763 1162 3824 officio
1182 3769 1394 3846 cancellariae,

442 3874 474 3926 et
487 3863 709 3947 persecutione
725 3862 883 3937 ecclesiae,
898 3873 930 3922 et
950 3862 1115 3923 collisione
1138 3883 1175 3926 ac
1191 3875 1296 3946 strage
1316 3889 1395 3949 gen·

441 3965 531 4042 tium,
547 3977 580 4025 et
599 3963 763 4026 eversione
778 3962 953 4024 civitatum.
991 3957 1119 4024 Dicitur
1138 3964 1222 4026 enim
1244 3966 1305 4029 hoc
1321 3990 1394 4052 pro-

442 4065 593 4126 meruisse
608 4064 641 4125 in
657 4084 706 4139 eo,
722 4061 809 4146 quod
824 4061 977 4123 Tusciam
1000 4073 1097 4123 totam
1114 4063 1299 4130 Teutonicis
1318 4073 1392 4135 sub·

443 4163 535 4240 didit,
557 4175 589 4227 et
607 4165 828 4248 Campaniam,
845 4174 878 4225 ut
897 4162 1055 4225 Romanis
1078 4163 1156 4226 nihil
1174 4167 1319 4232 relictum
1342 4174 1392 4250 sit,

444 4287 505 4327 nec
520 4266 553 4327 in
571 4268 664 4345 agris,
679 4288 739 4330 nec
761 4268 793 4328 in
809 4264 945 4338 olivetis,
962 4278 1017 4327 aut
1038 4264 1149 4341 vineit,
1166 4279 1257 4332 extra
1276 4276 1395 4339 moenia

444 4367 540 4429 urbis.
588 4366 694 4441 Unde,
718 4378 753 4429 ut
779 4367 878 4441 aiuut,
902 4367 1047 4430 inclusus
1069 4369 1220 4451 populuS,
1243 4384 1275 4432 et
1301 4376 1393 4456 quasi

443 4470 577 4531 affectus
600 4465 707 4528 inedia
728 4468 867 4529 obtinuit
888 4469 997 4531 multis
1020 4470 1179 4549 precibus,
1203 4476 1236 4531 et
1255 4476 1393 4552 pecunia
