3875 5725
512 851 620 929 tlon]
900 868 1078 916 nmsronn.
1403 858 1465 916 328

509 1029 599 1102 parte
616 1020 800 1102 diligentius
815 1024 977 1107 explorati
991 1024 1223 1107 praescribunt?
1246 1023 1359 1105 ntique
1375 1025 1463 1107 plus·

507 1142 605 1204 quam
621 1125 659 1182 10
672 1122 771 1185 millia
783 1144 957 1187 marcarum
970 1125 1001 1186 ei
1011 1136 1044 1188 et
1056 1126 1123 1188 suis
1134 1127 1240 1189 ablata
1250 1135 1326 1188 sunt
1338 1135 1461 1206 postea,

507 1243 567 1286 nec
584 1224 664 1287 citra
678 1226 906 1289 restitutionem
923 1247 1032 1289 earum
1046 1227 1117 1310 jure
1133 1227 1240 1308 aliquo
1256 1226 1329 1307 cogi
1344 1236 1461 1308 potest,

506 1333 542 1385 nt
555 1324 758 1407 respondeat,
772 1326 867 1388 etiam
882 1326 908 1387 si
928 1324 1008 1410 quid
1024 1337 1220 1410 competeret
1234 1328 1284 1390 his
1308 1327 1362 1410 qui
1385 1349 1458 1390 eum

505 1439 750 1510 persequuntur.
774 1428 916 1510 Campus
925 1428 978 1491 hic
989 1429 1141 1492 orationis
1151 1429 1337 1493 discretioni
1346 1439 1457 1493 vestrae

505 1527 604 1592 latius
639 1539 740 1612 patet,
768 1538 803 1590 ut
833 1528 861 1589 si
889 1528 959 1590 fieri
989 1538 1106 1611 potest,
1135 1531 1286 1612 quoniam
1320 1531 1459 1594 rationes

507 1631 622 1693 melius
644 1630 754 1706 nostis,
778 1627 815 1692 ei'
846 1650 902 1710 per
925 1629 1149 1693 Coloniensem
1174 1631 1402 1714 persuadeatis,
1424 1643 1460 1695 ut

507 1729 642 1792 desistat
663 1732 704 1793 ab
727 1730 850 1812 injuriis
873 1741 906 1793 et
927 1730 1057 1812 rapinis,
1076 1741 1108 1795 et
1129 1730 1314 1795 intentionis
1336 1754 1402 1795 suae
1424 1732 1457 1794 in

506 1852 582 1893 usus
620 1832 871 1895 adversariorum
905 1854 971 1894 non
1009 1834 1199 1916 multiplicet
1235 1835 1455 1916 exceptiones.

505 1933 583 1997 Hoc
592 1933 698 2016 ipsum
709 1954 812 2016 nuper
823 1954 991 2014 aggressus
1002 1945 1052 1998 est
1062 1935 1234 2017 episcopus
1246 1935 1456 1999 Cicestrensis

504 2035 655 2099 intimans
670 2037 748 2117 regi,
763 2035 851 2120 qnod
867 2037 1124 2101 Cantuarienscm
1143 2039 1271 2122 juvaret
1285 2040 1454 2120 plusquam

504 2138 618 2221 aliquis
633 2140 815 2202 hominnm:
839 2139 993 2220 quaerenti
1007 2140 1139 2202 modum
1153 2141 1328 2223 respondit,
1342 2141 1455 2212 “Quia

501 2259 632 2304 causam
662 2242 732 2325 ejus
762 2241 892 2318 crebris,
918 2250 951 2304 et
978 2241 1100 2304 eisdem
1129 2243 1239 2306 multis
1268 2253 1300 2305 et
1330 2241 1454 2322 magnis

496 2337 680 2422 justificatis
694 2341 830 2424 injuriis,
845 2348 878 2403 et
887 2340 1044 2424 justitiam
1063 2352 1206 2419 vestram,
1222 2343 1248 2404 si
1264 2363 1328 2425 qua
1343 2343 1454 2418 suerat,

501 2443 700 2506 suffocastis:
730 2442 811 2505 datis
826 2443 856 2504 ei
871 2443 968 2504 etiam
984 2444 1152 2506 consilium
1168 2455 1199 2506 et
1217 2445 1384 2520 auxilium,
1399 2453 1453 2506 aut

500 2543 657 2619 meliores,
672 2553 727 2604 aut
749 2543 788 2604 de
813 2543 998 2604 melioribus
1022 2545 1158 2616 clericis,
1180 2566 1261 2626 quos
1283 2545 1453 2607 habebatis

501 2643 535 2703 in
561 2650 643 2704 terra
666 2653 777 2717 vestra,
801 2662 882 2723 quos
909 2642 1022 2720 cogitis
1044 2643 1075 2703 ei
1097 2645 1278 2722 coexnlare,
1299 2666 1358 2706 nec
1382 2665 1451 2726 per·

499 2743 625 2805 mittitis
651 2753 687 2805 ut
707 2744 928 2804 revertantur.”
973 2742 1084 2804 Motus
1106 2753 1154 2804 est
1175 2763 1233 2804 rex
1259 2742 1299 2805 ad
1323 2747 1397 2817 ista,
1419 2753 1452 2806 et

499 2844 746 2909 sollicitudinem
764 2845 906 2927 suspiriis
924 2853 1116 2926 protestatus
1131 2856 1188 2920 est,
1203 2843 1261 2907 sed
1283 2853 1450 2928 conceptae

499 2947 730 3029 indignationis
747 2947 946 3009 vehementia
961 2966 1026 3007 non
1042 2945 1184 3028 permisit
1199 2957 1235 3008 ut
1248 2958 1381 3029 saperet.

540 3048 592 3111 Ad
619 3049 700 3122 haec,
726 3048 803 3130 qnia
829 3068 936 3127 regem
962 3049 1159 3109 Francorum
1186 3046 1324 3109 amicum
1347 3068 1449 3130 quan·

497 3152 603 3233 doque
620 3150 784 3229 habuistis,
802 3159 833 3213 et
853 3151 986 3212 nescitis
1002 3149 1079 3232 quid
1099 3150 1203 3232 pariat
1216 3159 1348 3213 ventura
1368 3149 1449 3227 dics,

495 3254 696 3315 consulerem
717 3265 753 3315 nt
778 3274 852 3314 eum
877 3251 1046 3334 aliquibus,
1070 3260 1126 3313 aut
1146 3251 1327 3333 placaretis,
1350 3250 1378 3313 si
1400 3271 1448 3313 re-

494 3375 589 3418 cessu
599 3364 703 3417 vestro
720 3356 858 3417 offensus
873 3365 932 3430 est,
945 3364 1000 3415 aut
1013 3353 1117 3432 magis
1132 3352 1302 3416 alliceretis
1316 3374 1446 3416 munus·

496 3457 589 3534 culiS,
605 3456 632 3518 si
652 3457 685 3518 in
701 3457 799 3519 veteri
820 3455 961 3518 amicitia
982 3464 1174 3537 perseverat.
1224 3453 1317 3517 Nihil
1338 3466 1445 3518 autem

492 3569 540 3620 est
554 3556 638 3619 unde
654 3556 760 3639 ipsum
776 3555 868 3631 adeo,
882 3565 1028 3619 ettotam
1043 3554 1246 3619 Gallicanam
1261 3556 1444 3634 ecclesiam,

490 3660 556 3722 imo
577 3669 610 3721 et
630 3659 822 3735 Romanam,
840 3659 932 3721 vobis
953 3656 1124 3720 conciliare
1144 3658 1282 3740 possitis,
1299 3679 1396 3740 quam
1416 3657 1444 3717 si

490 3760 649 3823 audierint
663 3780 730 3836 vOS,
742 3759 828 3842 quod
843 3759 1070 3840 philosophum
1086 3746 1190 3830 decet,
1205 3758 1271 3818 imo
1287 3756 1442 3818 Christia-

489 3883 577 3938 num,
597 3863 631 3924 iu
650 3868 786 3942 utroque
803 3860 877 3941 jure
898 3859 1046 3940 peritum,
1061 3855 1187 3919 veritati
1209 3855 1295 3939 quod
1317 3856 1443 3919 debetis

489 3963 705 4026 testimonium
730 3960 874 4037 reddere,
896 3968 928 4022 et
953 3958 1113 4021 honestati
1142 3979 1209 4020 non
1234 3978 1312 4039 opes
1338 3957 1442 4020 Croesi

489 4085 551 4126 nec
578 4066 701 4148 aliquas
724 4063 871 4147 praeferre
895 4061 1035 4124 delicias.
1092 4059 1127 4122 Si
1153 4061 1237 4123 enim
1260 4060 1385 4123 ethicus
1409 4068 1442 4123 ct

490 4164 636 4227 ethnicus
649 4166 851 4228 laudabiliter
871 4164 911 4229 ad
933 4164 1108 4227 litterarum
1131 4161 1438 4226 commendationem

490 4263 582 4340 dixit,
598 4264 674 4346 quia

906 4386 1090 4438 —vatis
1102 4403 1193 4438 avarus

699 4468 778 4520 Hand
790 4473 888 4521 temere
901 4476 941 4521 est
952 4473 1062 4534 animus,

938 4564 998 4619 rt>
