3875 5725
394 892 585 974 tiss-st]
773 913 953 962 aeternas.
1302 900 1343 963 88

389 1061 464 1124 sede
481 1063 569 1126 Petri
586 1062 687 1129 virum
704 1063 911 1150 apostolicum
929 1066 1053 1145 statuit,
1068 1067 1204 1132 electum
1219 1080 1251 1132 et
1266 1088 1340 1132 con·

389 1176 543 1228 sacratum
566 1165 725 1243 canonice,
741 1166 782 1231 ab
804 1167 953 1231 omnibus
975 1168 1030 1253 qui
1052 1182 1137 1233 recte
1157 1170 1285 1256 sapiunt
1307 1183 1339 1233 at

388 1263 542 1328 catholice
567 1267 789 1352 approbatum.
836 1269 871 1333 Is
898 1281 945 1332 est
976 1267 1123 1334 dominus
1151 1269 1340 1346 Alexander,

389 1387 482 1448 quem
502 1367 533 1430 in
549 1380 672 1452 patrem
691 1382 722 1433 et
737 1382 909 1456 pastorem,
925 1392 1054 1436 assensu
1073 1372 1251 1458 principum
1266 1392 1342 1436 nos·

389 1475 522 1548 trorum,
535 1469 713 1553 Anglicana
727 1484 759 1535 et
773 1471 938 1535 Gallicana
953 1487 1140 1557 receperunt
1156 1472 1298 1553 ecclesia,
1309 1485 1341 1537 et

389 1582 506 1633 sanctas
529 1575 682 1636 Romanae
707 1572 847 1636 ecclcsiae
873 1573 966 1659 plena
989 1574 1158 1639 devotione
1179 1574 1342 1653 obediens,

391 1670 612 1751 Octavianum,
621 1694 693 1735 cum
705 1671 850 1736 omnibus
862 1672 1042 1736 fautoribus
1056 1675 1133 1752 suis,
1141 1673 1227 1738 velut
1242 1675 1343 1738 mani·

389 1771 470 1835 leste
485 1771 720 1836 schismaticum
734 1786 766 1836 et
785 1773 971 1836 haereticum
986 1773 1216 1838 condemnavit.
1262 1774 1343 1838 Inde

389 1873 539 1959 estquod
559 1873 758 1939 universitati
775 1887 889 1938 vestrae
909 1874 1123 1959 praecipiendo
1143 1875 1342 1951 mandamus,

389 1983 423 2038 et
435 1975 641 2038 exhortamur
659 1976 692 2038 in
714 1975 863 2056 Domino,
879 1987 1038 2060 quatenus
1059 1975 1188 2039 domino
1203 1977 1344 2042 Alexan·

390 2076 450 2140 dro
473 2088 622 2161 tanquam
646 2077 729 2162 patri
752 2077 921 2156 obediatis,
941 2077 1022 2141 etei
1044 2079 1254 2142 reverentiam
1277 2082 1344 2144 Rc·

391 2198 484 2242 mano
498 2179 641 2264 pontifici
656 2179 810 2254 debitam,
826 2200 884 2265 par
898 2180 1005 2243 omnia
1020 2179 1208 2244 exhibeatis.

458 2365 696 2430 EPISTOLA
720 2368 938 2434 LXVL-sn
953 2387 1073 2432 ascari
1088 2387 1280 2455 nsunrcuu.

437 2491 491 2555 Ex
510 2489 635 2566 litteris,
656 2514 736 2577 quas
758 2491 835 2555 mihi
861 2507 966 2557 vestra
987 2495 1138 2558 serenitas
1163 2495 1346 2575 destinavit,

392 2590 523 2677 planum
545 2604 593 2656 est
616 2593 820 2676 prudentiam
846 2607 982 2658 vestram
1008 2596 1209 2679 suggestione
1235 2599 1349 2684 malig-

393 2693 539 2756 nantium
561 2694 712 2757 adversus
734 2694 945 2759 innocentiam
970 2716 1071 2758 meam
1094 2697 1190 2760 luisse
1212 2700 1347 2763 circum·

395 2805 532 2857 ventam.
566 2794 730 2880 Siquidem
748 2794 804 2869 illi,
820 2817 901 2881 quos
916 2809 1038 2859 vestros
1061 2798 1267 2882 parochianos
1281 2823 1350 2865 esse

393 2894 542 2975 asseritis,
557 2918 576 2957 a
590 2894 719 2957 domino
733 2896 972 2980 archiepiscopo
987 2918 1044 2980 per
1059 2896 1205 2973 decanos,
1221 2912 1252 2963 et
1268 2900 1348 2963 alios

393 2996 542 3060 officiales
557 3018 630 3061 suos
645 3018 731 3081 saepe
745 2996 836 3059 citati
851 3008 938 3072 sunt,
953 3008 986 3059 et
1000 3019 1100 3081 quum
1114 2998 1147 3061 in
1164 3021 1221 3062 sua
1235 3012 1368 3075 contu·,

394 3099 494 3163 macia
507 3099 686 3185 pertinaces
702 3121 826 3185 semper
841 3098 1068 3178 invenirentur,
1081 3100 1208 3165 tandem
1223 3101 1346 3166 denun-

393 3201 513 3264 ciatum
539 3214 587 3265 est
616 3200 659 3264 eis
689 3202 750 3265 sub
779 3199 1034 3266 interminatione
1063 3202 1283 3281 anathematis,
1310 3213 1347 3269 ut

393 3304 517 3388 copiam
539 3304 588 3368 sui
608 3305 641 3368 in
664 3304 782 3389 synodo
803 3304 954 3370 lacerent.
990 3304 1059 3368 Illis
1079 3303 1189 3392 itaque
1211 3306 1351 3372 absenti·

392 3406 467 3483 bus,
478 3406 576 3472 immo
590 3407 697 3494 potius
711 3427 745 3470 se
759 3407 989 3471 contumaciter
1002 3406 1254 3487 absentantibus,
1266 3432 1349 3496 prse-

395 3523 497 3573 sentes
522 3510 654 3574 fuerunt
683 3507 834 3593 officiales
863 3508 1074 3573 archidiaconi
1103 3531 1161 3595 per
1190 3531 1272 3597 quos
1302 3512 1350 3576 illi

394 3611 564 3696 sepissime
579 3611 667 3676 citati
682 3609 819 3675 fuerant.
860 3609 972 3683 Quum
986 3624 1092 3675 autem
1109 3633 1166 3696 per
1180 3635 1244 3690 eos,
1260 3625 1291 3678 et
1307 3614 1349 3679 ds

395 3711 611 3790 citationibus,
621 3725 652 3776 et
662 3713 701 3775 de
710 3711 890 3776 contumaci
900 3711 1101 3797 responsione
1112 3713 1348 3777 absentantium

394 3813 598 3891 constitisset,
614 3834 680 3877 rem
699 3812 740 3875 ad
755 3812 1021 3877 consultationem
1042 3812 1160 3874 domini
1180 3814 1349 3898 archiepis-

394 3914 478 3999 copi,
490 3913 563 3980 licet
578 3915 720 4001 synodus
731 3911 819 3977 aliud
835 3913 994 3988 suaderet,
1006 3911 1127 3975 credidi
1143 3911 1349 3979 referendam.

398 4012 483 4076 Mihi
499 4038 636 4102 namque
650 4014 717 4078 sere
732 4026 800 4077 tota
816 4013 958 4099 synodus
978 4012 1207 4091 reluctabatur,
1222 4027 1255 4078 et
1276 4038 1352 4081 non-

397 4113 476 4176 nulli
496 4115 717 4195 detrahebant,
738 4114 878 4179 dicentes
901 4136 951 4177 me
973 4110 1174 4178 dissimulare
1191 4117 1350 4203 justitiam

399 4216 634 4280 Cantuarlensis
660 4216 809 4293 ecclesiae,
836 4229 868 4282 et
897 4215 1019 4280 domini
1046 4215 1284 4304 archiepiscopi,
1310 4222 1352 4285 ob

398 4316 537 4378 favorem
554 4330 705 4397 vestrum,
720 4319 777 4404 qui
792 4329 923 4403 accepto
938 4327 1081 4401 tempore
1097 4314 1259 4400 languoris
1274 4320 1352 4401 ejuS,

398 4440 438 4480 cx
461 4417 621 4501 insperato
643 4418 674 4478 in
689 4419 795 4502 ipsum
818 4418 982 4502 insurgere
1005 4418 1201 4492 decrevistis,
1217 4431 1249 4482 et
1270 4422 1355 4483 Can·

400 4516 567 4583 tuariensis
588 4516 726 4582 ecclesiae
749 4522 899 4583 terminos
918 4519 1057 4601 ingredi,
1071 4531 1102 4582 et
1126 4540 1194 4581 eam
1212 4519 1261 4583 his
1282 4543 1356 4605 quae

856 4640 874 4678 c
892 4627 911 4681 ·2
