3875 5725
500 874 673 952 llos-8]
880 887 1059 934 rrrsronn.
1173 846 1176 852 ⁵
1404 870 1446 928 23

494 1064 532 1105 eo
556 1041 645 1127 quod
669 1039 815 1126 ajudice
839 1039 986 1124 delegato
1012 1036 1070 1101 nisi
1095 1036 1136 1100 ad
1162 1033 1361 1119 delegantem
1390 1055 1445 1118 ap

494 1139 606 1226 pellari
621 1163 683 1204 non
699 1140 801 1206 liceat.
846 1138 941 1204 Alter
955 1135 1266 1225 itaque'Willelmus
1280 1136 1386 1198 statim
1402 1132 1443 1196 ad

493 1242 598 1307 sedem
620 1242 825 1329 apostolicam
846 1230 1135 1330 appellavit,'diem
1150 1239 1320 1327 prefigens
1342 1235 1444 1304 calen-

492 1343 550 1408 das
566 1345 685 1410 Maias.
971 1341 973 1344 ’

667 1687 890 1750 EPISTOLA
912 1685 1093 1748 XXl.-no
1108 1703 1262 1748 eunoun.

828 1818 974 1880 Adriano
989 1819 1101 1901 Papae.

535 1955 641 2026 Quum
655 1952 739 2015 inter
760 1949 939 2014 Robertum
956 1948 1179 2034 Winegotum,
1194 1963 1227 2014 et
1242 1949 1441 2017 Willelmum

492 2052 532 2117 de
546 2052 768 2117 sturministra
783 2072 879 2136 super
893 2050 1085 2138 quibusdam
1099 2052 1299 2136 parochianis
1313 2065 1344 2117 et
1359 2052 1444 2117 deci·

492 2155 563 2232 mis,
587 2155 716 2219 sedente
746 2153 914 2217 Adelelmo
942 2153 1166 2220 archidiacono
1196 2159 1341 2220 Dorsetae
1369 2177 1443 2221 con-

493 2257 645 2322 troversia
657 2270 846 2332 verteretur,
859 2256 1022 2320 Robertus
1037 2269 1165 2342 petente
1180 2280 1217 2320 ea
1232 2257 1291 2321 sibi
1308 2257 1445 2332 restitui,

489 2359 624 2446 eoquod
637 2359 809 2446 aliquando
822 2358 881 2423 sibi
894 2358 1077 2444 adjudicata
1088 2371 1120 2423 et
1130 2359 1290 2444 resignata
1298 2359 1443 2436 fuissent,

490 2462 581 2548 quod
595 2474 627 2526 et
644 2462 778 2527 testibus
798 2484 830 2525 se
851 2461 986 2547 probare
1008 2475 1154 2546 paratum
1175 2461 1346 2538 asserebat,
1363 2483 1444 2547 praa·

490 2564 599 2628 dictus
628 2564 821 2640 willelmus,
851 2562 1005 2626 adversus
1040 2585 1136 2648 quem
1167 2577 1205 2627 ut
1235 2585 1442 2649 possessorem

490 2667 673 2750 petebatur,
687 2667 727 2730 ad
744 2679 882 2731 nostram
899 2665 1093 2730 audientiam
1109 2664 1295 2752 appellavit.
1334 2668 1441 2743 Quum

489 2767 597 2852 itaque
619 2780 727 2831 nostro
750 2791 782 2831 se
803 2767 989 2852 conspectui
1011 2766 1106 2829 ambo
1128 2780 1382 2852 praesentassent,
1404 2791 1442 2832 eo

417 2872 422 2880 '
488 2865 575 2952 quod
592 2866 790 2943 Willelmus,
801 2868 876 2929 licet
891 2867 1110 2951 appellaverit,
1127 2867 1256 2929 minime
1270 2868 1442 2932 instructus

371 2977 375 2994 ·
490 2978 632 3043 venerat,
655 2966 696 3028 ad
719 2965 927 3029 venerabilem
948 2967 1080 3030 fratrem
1096 2980 1239 3031 nostrum
1262 2967 1443 3033 Jocelinum

491 3067 759 3132 Saresberiensem
774 3066 976 3131 diocesanum
991 3089 1100 3130 eorum
1116 3067 1297 3153 episcopum
1314 3092 1442 3135 causam

489 3168 643 3233 duximus
662 3168 897 3245 remittendam,
920 3169 977 3254 qui
997 3192 1100 3254 quum
1119 3170 1152 3233 in
1177 3170 1299 3257 synodo
1322 3194 1381 3235 sua
1401 3172 1442 3237 de

488 3294 584 3334 causa
610 3270 799 3337 sufficienter
821 3271 1032 3358 cognovisset,
1055 3273 1102 3336 ita
1124 3288 1155 3337 ct
1178 3285 1214 3337 ut
1239 3272 1280 3337 ad
1303 3296 1442 3359 pronun-

488 3371 637 3436 ciandum
657 3372 888 3456 accingeretur,
905 3371 1097 3457 saepedictus
1116 3374 1171 3436 W.
1194 3373 1332 3439 secundo
1351 3374 1442 3438 audi-

487 3471 604 3548 torium
621 3472 805 3558 appellavit.
838 3475 942 3549 Quum
957 3485 1063 3536 autem
1076 3471 1129 3536 die
1140 3472 1345 3559 appellationi
1360 3497 1445 3561 prte-

487 3573 551 3637 lixa
566 3575 598 3637 in
614 3575 785 3660 praeseutia
806 3572 914 3639 nostra
928 3575 1023 3639 ambo
1046 3572 1203 3659 litigaturi
1225 3577 1442 3659 consisterent,

487 3677 681 3763 saepedictus
707 3678 883 3754 Robertus,
910 3677 1064 3764 petitione
1096 3700 1155 3740 sua
1181 3697 1277 3764 super
1299 3680 1441 3764 praefatis

487 3779 687 3865 parochianis
708 3792 740 3847 et
758 3777 889 3843 decimis
910 3783 1068 3864 exposita,
1084 3793 1148 3842 tres
1169 3792 1264 3844 testes
1285 3782 1440 3865 produxit

487 3881 677 3957 sacerdotes,
685 3882 795 3967 jurare
807 3894 935 3966 paratos
950 3903 983 3943 se
999 3893 1172 3966 praesentes
1183 3880 1324 3945 adfuisse
1340 3906 1440 3968 quum

485 3983 596 4048 ordine
629 3983 801 4069 judiciario
830 3982 1052 4068 adjudicatum
1082 3981 1187 4046 iuerat
1216 3983 1359 4048 Roberto
1383 3986 1440 4070 jus

486 4086 666 4169 parochiale
681 4086 768 4172 quod
788 4084 929 4173 petebat,
945 4105 1019 4147 cum
1042 4083 1183 4148 decimis.
1230 4085 1355 4162 Quibus
1370 4087 1441 4153 dili·

486 4199 598 4270 genter
609 4188 808 4264 examinatis,
820 4199 852 4251 et
865 4186 940 4252 satis
954 4186 1165 4251 concordibus
1180 4186 1326 4265 inventis,
1339 4214 1440 4275 quum

482 4286 552 4370 jam
577 4302 649 4374 post
674 4302 821 4377 suscepta
847 4288 975 4354 testium
996 4289 1179 4374 juramenta
1203 4292 1441 4374 pronuntiaturi

489 4410 638 4463 essemus,
666 4390 877 4456 assidentibus
906 4391 999 4455 nobis
1024 4389 1258 4455 venerabilibus
1286 4391 1439 4457 fratribus

488 4489 614 4569 nostris,
630 4489 757 4555 Hilario
773 4492 973 4567 Cicestrensi,
990 4493 1138 4557 Gilberto
1153 4491 1391 4568 Herefordensi,
1407 4507 1440 4559 ct
