3875 5725
495 808 555 868 198
749 820 886 865 sonuum
900 819 1183 865 sannsnnrususrs
1354 804 1404 884 [a.
1421 825 1457 869 o.

494 1072 713 1136 EPISTOLA
738 1072 1016 1135 CXXXIX—an
1035 1088 1217 1134 nanarcnu
1231 1089 1456 1136 succensura

665 1190 852 1236 aeiscoruu
868 1190 1036 1235 annorum.
1063 1171 1142 1251 [an.
1163 1173 1269 1253 iles]

589 1319 729 1382 Domino
744 1318 888 1383 Hearicc
901 1321 997 1383 electo
1011 1319 1185 1383 Baioccnsi
1198 1321 1350 1403 episcopo.

537 1479 613 1540 Non
630 1496 737 1560 parvae
753 1473 942 1538 temeritatis
956 1486 1015 1550 est,
1031 1474 1058 1538 si
1072 1474 1145 1561 quis
1159 1496 1313 1539 evacuare
1329 1475 1451 1541 nititur

492 1577 658 1642 consilium
697 1576 838 1656 Domini,
867 1576 972 1661 cujus,
1001 1578 1062 1640 etsi
1095 1588 1239 1640 mutetur
1276 1577 1448 1654 sententia,

493 1680 660 1766 dispositio
680 1697 785 1745 tamen
805 1701 928 1765 semper
946 1678 1115 1764 impletum
1142 1677 1277 1764 proinde
1298 1700 1357 1741 nec
1379 1677 1448 1741 for-

491 1796 580 1848 tunoe
614 1782 773 1849 saevientis
802 1781 967 1860 acerbitas,
996 1803 1054 1845 nec
1082 1780 1245 1846 adulantis
1272 1779 1448 1845 blandities

493 1887 705 1970 compositum
741 1885 881 1949 animum
917 1883 966 1948 sui
1003 1882 1110 1948 reddit
1145 1882 1371 1956 immemorem,
1406 1897 1445 1948 ut

495 2000 612 2052 statum
636 1999 751 2073 speret,
771 1986 832 2048 nisi
852 1984 892 2048 de
913 1985 1029 2069 gratia,
1044 1982 1095 2048 vel
1115 2006 1221 2049 casum
1245 1983 1366 2061 timeat,
1381 1985 1447 2050 nisi

493 2089 534 2153 de
556 2089 708 2153 malorum
735 2086 925 2151 conscientia
944 2087 1139 2153 meritorum.
1185 2087 1302 2172 Itaque
1325 2083 1384 2172 qui
1409 2109 1446 2152 se

493 2193 655 2256 existimat
682 2203 775 2265 stare,
802 2189 908 2253 videat
931 2211 971 2253 ne
994 2189 1099 2266 cadat,
1126 2202 1158 2254 et
1180 2211 1275 2276 quem
1298 2189 1445 2254 mundus

493 2292 708 2376 persequitur,
737 2292 850 2352 clamet
880 2289 922 2351 ad
952 2289 1148 2364 Dominum;
1186 2312 1245 2376 per
1272 2292 1365 2375 cujus
1392 2304 1445 2356 est

493 2391 739 2454 misericordiam
777 2388 973 2470 liberandus,
1002 2390 1029 2454 si
1057 2414 1227 2456 conversus
1258 2391 1448 2458 clamaverit

494 2493 707 2557 confidenter:
739 2491 827 2577 quia,
857 2493 896 2555 In
923 2505 1084 2578 quantum
1118 2493 1192 2579 quis
1224 2493 1372 2580 desperat
1400 2494 1445 2558 de

492 2595 607 2680 gratia,
628 2618 666 2658 eo
687 2593 757 2679 ipso
780 2594 915 2676 gratiam
934 2595 1125 2660 demeretur.
1172 2597 1255 2660 Nam
1278 2596 1349 2683 quis
1371 2619 1445 2684 spe»

493 2696 575 2760 ravit
599 2695 631 2758 in
660 2695 809 2776 Domino,
833 2708 865 2759 et
891 2694 1062 2760 derelictus
1083 2700 1154 2761 est?
1192 2701 1240 2763 Ut
1263 2697 1351 2762 vobis
1373 2699 1444 2764 brec

447 2854 453 2864 .
493 2808 652 2876 constent,
666 2819 730 2860 non
743 2796 846 2881 magis
860 2797 994 2883 potestis
1008 2796 1112 2883 legere
1131 2798 1164 2862 in
1187 2799 1319 2865 Patrum
1341 2799 1444 2882 libris,
1517 2816 1519 2821 '

495 2925 591 2987 quam
608 2905 735 2965 oculata
749 2901 811 2965 fide
826 2901 1005 2985 conspicere
1018 2904 1051 2964 in
1067 2900 1127 2963 viis
1140 2900 1264 2966 vestris.
1310 2903 1394 2967 Nam
1409 2916 1445 2970 et

493 3028 553 3088 ego
567 3004 627 3067 boc
643 3003 735 3067 video
754 3002 894 3067 recolens
913 3025 1012 3066 annos
1031 3002 1250 3068 adolescentiae
1266 3016 1393 3084 vestrae,
1407 3019 1442 3073 et

493 3128 667 3190 processus,
690 3104 763 3167 licet
786 3126 819 3167 se
843 3103 1070 3168 adversitatum
1095 3103 1235 3168 turbines
1257 3104 1444 3191 frequenter

491 3208 683 3291 ingererent,
694 3205 817 3289 jugiter
832 3219 1034 3290 prosperatos
1048 3228 1117 3269 esse
1130 3204 1163 3269 in
1179 3208 1329 3272 Domino.
1366 3212 1442 3274 Hoc

490 3308 624 3370 fortasse
647 3319 783 3385 sanctus,
804 3320 837 3369 et
857 3318 946 3370 tanta
966 3308 1055 3392 prole
1077 3308 1193 3393 dignus
1213 3321 1306 3395 pater
1324 3326 1439 3390 vester,

490 3412 585 3500 velut
609 3406 689 3471 alter
717 3408 831 3484 Jacob,
861 3409 1070 3493 praesagiebat
1094 3411 1128 3474 in
1160 3410 1282 3496 Spiritu
1311 3414 1439 3491 Sancto,

489 3507 545 3593 qui
581 3527 638 3570 vos
674 3505 756 3570 sicut
788 3529 893 3581 suum,
925 3522 957 3572 et
989 3508 1048 3572 sibi
1084 3522 1196 3574 notum
1232 3511 1367 3597 Jossplt,
1399 3513 1437 3579 in

488 3608 629 3700 germine
645 3609 802 3673 virtutum
822 3613 1097 3694 succrescentium,
1117 3636 1197 3699 quas
1211 3614 1352 3692 videbat,
1371 3638 1440 3682 arn-

487 3714 687 3805 plectebatur
708 3735 776 3799 prae
798 3714 934 3790 caeteris,
957 3727 990 3779 et
1011 3716 1077 3778 fere
1100 3738 1201 3802 usque
1221 3717 1263 3781 ad
1283 3717 1438 3783 invidiam

486 3818 622 3883 fratrum
649 3840 681 3881 se
708 3828 811 3881 totum
840 3816 1028 3904 indulgebat
1063 3817 1102 3895 ei,
1132 3839 1226 3903 quem
1250 3842 1273 3882 a
1298 3820 1438 3884 Domino

486 3932 619 3984 noverat
638 3919 852 4004 praeelectum,
868 3933 900 3983 et
915 3944 974 4005 pro
995 3919 1129 3984 aliorum
1152 3920 1253 3985 salute
1273 3943 1332 4006 per
1346 3943 1436 4006 pros-

486 4041 563 4101 pera
585 4030 618 4082 et
634 4019 776 4098 adversa,
799 4042 856 4103 per
878 4019 1040 4083 infamiam
1061 4033 1092 4084 et
1113 4020 1228 4086 bonam
1250 4021 1380 4098 famam,
1403 4022 1436 4086 in

485 4119 664 4203 principum
688 4120 823 4205 gratiam
846 4121 1118 4203 praemittendum.
1170 4122 1202 4186 si
1226 4123 1355 4209 quidem
1380 4107 1436 4189 vos

483 4242 542 4306 pro
555 4218 694 4282 Domino
708 4233 740 4282 et
755 4220 893 4298 ecclesia,
902 4244 961 4305 pro
976 4233 1067 4305 patre
1082 4235 1113 4286 et
1129 4221 1283 4288 fratribus
1297 4226 1436 4309 gustatis

484 4320 524 4383 de
540 4316 636 4384 calice
658 4316 730 4394 isto,
747 4330 778 4381 et
799 4317 892 4381 etiam
913 4318 993 4383 citra
1013 4320 1096 4385 sitim
1113 4323 1204 4388 vobis
1227 4324 1433 4410 absynthium

483 4420 688 4509 propinatum
711 4431 756 4481 cst
781 4431 812 4482 et
832 4431 957 4484 acetum
974 4422 1014 4486 ab
1030 4422 1090 4501 his,
1107 4425 1163 4509 qui
1188 4426 1278 4489 nobis
1300 4425 1431 4514 miscent
