3875 5725
535 1271 803 1360 nonnius
845 1269 1385 1358 snausssuiuunsm
1414 1205 1515 1390 ’ἶῖζῇ

685 1497 896 1562 EPlscoPl
920 1494 1244 1561 cnauouuusis

829 1703 1107 1778 EPISTOLAE.

555 2110 556 2113 Ἴ
609 2134 832 2204 EPISTOLA
878 2133 994 2195 l.-su
1010 2147 1118 2192 asenna
1135 2147 1322 2191 annianum.

756 2283 896 2345 Domino
909 2302 1006 2364 popa
1021 2281 1177 2343 Adriano.

533 2418 643 2481 lunen
664 2413 834 2478 monachos
855 2411 998 2476 abbatiae'
1019 2411 1179 2497 Hugonis,
1201 2427 1232 2477 et
1256 2414 1375 2478 clerum
1401 2415 1442 2480 de

490 2517 639 2584 Henham
658 2514 875 2579 controversia
893 2512 1019 2578 diutius
1040 2513 1163 2598 agitata
1184 2528 1243 2579 est.
1290 2517 1445 2599 Monachi,

488 2618 645 2706 siquidem
669 2640 688 2681 a
711 2617 875 2680 nominato
898 2617 1042 2698 Hugone
1068 2622 1110 2681 33
1138 2615 1255 2681 solidos
1278 2619 1439 2704 petebant,

488 2718 629 2783 dicentes
643 2740 697 2781 eos
712 2716 772 2780 sibi
788 2714 897 2780 deberi
910 2715 1036 2780 nomine
1051 2717 1221 2801 pensionis,
1234 2721 1266 2783 in
1283 2740 1380 2805 quam
1395 2720 1440 2784 eis

489 2831 617 2885 tenetur
639 2818 681 2882 ab
704 2816 838 2903 antiquo
857 2814 989 2881 ecclesia
1008 2816 1048 2882 de
1067 2818 1233 2884 Henbam:
1258 2819 1442 2908 adjicientes

488 2932 698 2985 memoratum
726 2922 770 2983 H.
797 2919 838 2981 ad
869 2916 1056 2983 solutionem
1087 2922 1270 2985 eorumdem
1301 2946 1369 2988 esse
1398 2948 1440 2989 ex

488 3019 617 3107 speciali
637 3031 744 3107 pacto,
762 3018 992 3084 interveniente
1014 3020 1089 3085 fidei
1113 3021 1252 3102 vinculo,
1274 3021 1438 3088 literarum

489 3122 671 3187 testimonio
691 3120 880 3204 obligatum.
927 3124 973 3187 Et
995 3134 1033 3186 ut
1055 3121 1218 3209 petitionis
1245 3147 1311 3188 suoe
1337 3124 1441 3190 inteu-

490 3225 607 3291 tionem
629 3222 776 3289 stabilius
796 3224 982 3301 fundarent,
999 3247 1032 3289 se
1047 3248 1066 3287 a
1080 3225 1209 3291 duobus
1223 3226 1441 3293 decessoribus

490 3324 637 3413 praedicti
658 3330 703 3391 H.
727 3324 891 3390 Willelmo
911 3339 944 3392 et
966 3329 999 3391 S.
1016 3327 1071 3390 sed
1091 3340 1124 3391 et
1145 3328 1186 3393 ab
1208 3328 1278 3413 ipso
1301 3332 1443 3414 Hugone

489 3428 638 3493 dicebant
661 3427 816 3513 recepisse
841 3427 1009 3513 praefatam
1034 3429 1227 3514 pensionem,
1255 3431 1357 3515 parati
1381 3431 1441 3495 hoc

487 3529 623 3616 probare
637 3529 855 3593 incontinenti.
902 3527 955 3592 Ad
973 3529 1042 3594 haec
1067 3529 1265 3594 Humfredus
1280 3530 1441 3597 ecclesiam

488 3654 578 3697 suam
594 3633 636 3695 ab
650 3631 784 3718 antiquo
800 3630 931 3695 liberam
946 3654 1014 3695 esse
1033 3631 1174 3697 dicebat:
1199 3632 1272 3698 licet
1296 3635 1440 3699 monachi

487 3734 528 3798 ab
570 3737 712 3817 Hugone
751 3745 947 3797 antecessore
984 3734 1054 3819 ejus
1090 3757 1227 3799 marcam
1264 3736 1439 3801 indebitam

485 3835 639 3899 violenter
654 3847 867 3898 extorserunt.
914 3832 1063 3917 Negabat
1083 3834 1166 3897 enim
1186 3833 1436 3900 constantissime

486 3960 607 4001 secum
622 3935 700 4021 ipsis
715 3935 756 3997 de
771 3930 880 4019 aliqua
901 3933 1050 4018 pensione
1072 3932 1237 3998 reddenda
1251 3958 1438 4021 quamcum-

487 4063 551 4127 que
567 4038 693 4102 inivisse
709 4034 904 4123 pactionem:
930 4054 1075 4098 asserens
1090 4057 1122 4098 se
1137 4033 1178 4097 ab
1196 4035 1312 4100 abbate
1332 4038 1437 4103 Aben-

487 4142 591 4205 doniae
606 4140 766 4206 ecclesiam
784 4137 925 4217 liberam,
936 4148 968 4201 et
982 4138 1049 4201 sine
1064 4137 1265 4223 expressione
1279 4140 1436 4228 cujusque

487 4244 590 4306 oneris
613 4242 781 4328 accepisse,
804 4251 836 4304 et
861 4263 918 4326 per
944 4239 1200 4305 archidiaconum
1227 4242 1377 4328 episcopi,
1400 4259 1436 4308 ut

489 4365 557 4405 mos
576 4357 636 4419 est,
651 4344 683 4406 in
706 4344 932 4429 possessionem
954 4342 1087 4407 liberam
1107 4343 1254 4407 canonice
1275 4343 1437 4408 introduc-

490 4457 572 4522 tum,
583 4466 639 4506 nec
653 4445 741 4521 fidei,
753 4458 809 4509 aut
825 4446 1003 4530 scripturae,
1015 4458 1071 4510 aut
1088 4443 1223 4527 alicujus
1234 4442 1436 4527 obligationis

534 4566 606 4609 von.
623 4566 645 4607 1.
951 4567 971 4609 u
