3875 5725
558 846 600 904 90
814 857 952 902 mannis
968 855 1245 901 saaasaaamusts
1415 840 1461 918 [a.
1479 855 1510 900 n.

558 1008 615 1094 qui
638 1008 670 1069 in
692 1006 871 1070 fornicariae
894 1006 1029 1069 abusum
1053 1004 1192 1067 ecclesiae
1215 1006 1297 1067 bona
1319 1003 1511 1090 dilapidans,

557 1108 727 1173 sanctuarii
761 1107 934 1172 contemnit
968 1128 1088 1183 curam,
1118 1105 1279 1190 caliceque
1309 1105 1444 1170 inhabili
1479 1121 1511 1171 et

556 1211 666 1295 inepto
694 1208 920 1293 redemptionis
956 1221 1083 1286 nostras,
1113 1205 1243 1290 indigne
1273 1220 1305 1270 et
1334 1207 1512 1291 periculose

557 1311 707 1375 tractavit
723 1310 876 1395 pretium:
898 1310 957 1373 hoc
973 1308 1187 1396 praecipimus,
1204 1321 1239 1372 nt
1255 1331 1326 1371 eum
1345 1309 1511 1373 severitate

556 1412 705 1475 canonica
738 1410 899 1496 corripias,
931 1426 967 1476 ut
1005 1414 1037 1474 in
1076 1432 1170 1495 poena
1205 1411 1300 1472 unius
1335 1411 1507 1474 multorum

557 1514 758 1597 corrigantur
786 1535 916 1577 errores.
977 1512 1025 1576 Sit
1055 1512 1165 1597 itaque
1195 1510 1418 1574 sollicitudinis
1445 1525 1510 1574 tuae

556 1615 710 1679 attentius
731 1615 907 1701 providere,
922 1626 959 1677 ut
980 1614 1011 1676 in
1032 1613 1179 1678 omnibus
1199 1611 1337 1676 ecclesiis
1352 1612 1410 1676 tibi
1424 1635 1510 1675 com-

557 1715 669 1787 missis,
696 1737 756 1799 pro
782 1714 991 1778 facultatibus
1017 1735 1124 1777 aarum
1149 1735 1211 1775 non
1242 1711 1338 1775 modo
1367 1716 1510 1796 argentei

557 1816 670 1881 calices
692 1817 921 1896 instaurentur,
944 1816 999 1879 sed
1015 1812 1214 1891 vestimenta,
1236 1827 1267 1877 et
1290 1815 1397 1879 omnia
1418 1828 1511 1878 uten-

558 1917 627 1983 silia
649 1925 729 1982 sacri
751 1918 919 1982 ministerii
942 1919 986 1982 sic
999 1930 1206 2002 reparentur,
1230 1930 1266 1981 ut
1290 1917 1386 1981 modo
1411 1917 1510 2001 possit

557 2019 687 2083 honeste
715 2019 854 2083 Domino
880 2019 1060 2082 ministrari.
1117 2019 1156 2079 In
1186 2018 1246 2081 hac
1272 2029 1378 2081 autem
1406 2030 1507 2101 parte,

557 2143 620 2184 non
637 2119 808 2193 monachis,
825 2142 886 2182 non
908 2119 1076 2198 canonicis,
1091 2141 1153 2182 non
1177 2118 1271 2183 alicui
1291 2120 1420 2182 omnino
1438 2140 1510 2203 per-

557 2243 643 2286 souae
672 2243 793 2306 parcas,
824 2221 902 2304 quin
934 2220 1073 2285 Domino
1101 2219 1142 2283 de
1168 2221 1259 2285 bonis
1287 2221 1353 2284 suis
1381 2220 1510 2284 honoris

556 2319 706 2405 primitiae
715 2319 982 2404 persolvantur‚et
992 2320 1085 2404 plane
1095 2321 1232 2406 quisque
1243 2321 1506 2384 sioutDominum

556 2423 678 2507 diligit,
701 2436 731 2486 et
755 2424 891 2487 animam
916 2447 1018 2501 suam,
1042 2426 1086 2487 sic
1108 2426 1306 2489 commissam
1330 2425 1511 2489 sibi‘hono·

556 2524 641 2588 rabit
665 2523 834 2588 ecclesiam.
888 2525 1119 2591 Lincoluiensis
1141 2548 1216 2589 vero
1241 2525 1397 2600 sacerdos,
1424 2527 1449 2588 si
1476 2523 1507 2587 in

552 2622 677 2709 judicio
705 2623 820 2709 culpae,
851 2646 924 2709 quae
953 2625 986 2687 in
1020 2647 1093 2687 eum
1122 2625 1324 2710 impingitur,
1351 2625 1509 2690 obnoxius

557 2723 753 2810 apparuerit,
769 2737 799 2788 et
823 2724 910 2810 quod
932 2725 987 2790 illa
1006 2748 1081 2811 quae
1102 2725 1131 2788 ei
1153 2740 1332 2811 pepererat,
1348 2727 1414 2789 sine
1435 2748 1509 2789 con-

557 2828 700 2893 sessionis
725 2839 781 2893 aut
805 2826 1035 2893 communionis
1061 2827 1303 2914 participatione
1329 2828 1509 2904 decesserit,

557 2942 590 2994 et
619 2928 743 3002 deinde,
770 2941 807 2992 ut
838 2927 1052 2993 Christianam
1082 2929 1213 2993 haberet
1244 2929 1453 3013 sepulturam,
1477 2929 1508 2991 in

559 3028 691 3093 ecclesia
706 3028 817 3092 fecerit
838 3027 1010 3112 purificari,
1026 3043 1089 3093 tam
1113 3030 1169 3093 diu
1193 3012 1366 3094 secundum
1391 3042 1511 3094 statuta

558 3144 686 3216 patrum
714 3131 834 3193 ordinis
862 3129 910 3191 sui
935 3130 1208 3195 administratione
1238 3132 1381 3217 privetur
1410 3132 1510 3196 donec

560 3233 663 3317 ipsum
687 3229 845 3314 condigna
867 3228 1065 3314 poenitentia,
1086 3246 1243 3316 quantum
1265 3235 1307 3297 ad
1333 3238 1509 3299 humanum

558 3346 679 3419 spectat
706 3354 851 3407 examen,
879 3344 1001 3394 constet
1029 3332 1150 3395 veniam
1178 3334 1339 3398 meruisse.
1385 3336 1448 3400 Sed
1478 3348 1510 3396 et

558 3433 739 3519 capellanus
751 3434 820 3518 ejus
835 3431 937 3494 eidem
955 3454 1058 3516 poenae
1073 3433 1246 3517 subjaceat,
1258 3435 1318 3497 nisi
1334 3458 1422 3498 suam
1438 3457 1509 3498 con-

557 3536 654 3621 digne
670 3535 773 3599 valeat
792 3533 1002 3598 innocentiam
1027 3534 1198 3599 declarare.
1243 3537 1370 3621 quue,
1390 3540 1415 3601 si
1434 3557 1509 3621 pur-

557 3639 645 3723 gatio
670 3634 852 3722 praestanda
877 3649 936 3710 est,
962 3636 1065 3720 magis
1091 3636 1219 3701 videtur
1241 3638 1292 3701 hic
1319 3636 1509 3716 onerandus,

559 3739 744 3827 quominus
759 3738 875 3801 meruit
890 3737 1009 3803 habere
1029 3738 1114 3814 fidei,
1130 3737 1208 3801 dum
1230 3740 1419 3803 confessioni
1435 3762 1508 3824 pro-

557 3844 638 3928 priae
650 3843 737 3907 visus
751 3854 797 3906 est
810 3841 967 3905 reluctari.
1002 3843 1046 3906 Et
1057 3841 1185 3927 quidem
1199 3843 1268 3929 ejus
1282 3855 1329 3907 est
1346 3854 1507 3904 mortuum

561 3945 682 4009 solvere
703 3958 736 4010 et
758 3945 857 4030 ligare
879 3944 937 4028 qui
960 3944 1046 4008 solus
1060 3958 1166 4029 potest
1188 3959 1331 4009 mortuos
1345 3944 1508 4012 suscitare,

559 4059 591 4108 et
615 4046 671 4129 qni
693 4047 860 4130 potestatis
878 4046 978 4131 hujus
1000 4046 1166 4110 arbitrium
1190 4045 1353 4132 discipulis
1375 4044 1510 4107 contulit

559 4167 655 4230 super
678 4159 805 4221 terram,
821 4146 903 4208 hanc
925 4147 1052 4232 speciali
1075 4147 1243 4233 privilegio
1261 4146 1378 4210 divinae
1400 4147 1512 4232 majes-

561 4246 637 4311 tatis
652 4245 684 4308 in
699 4245 787 4308 coelis
808 4245 940 4310 retinuit
962 4247 1162 4331 dignitatem.
1207 4250 1380 4323 Caeterum,
1397 4248 1511 4312 dilecte

559 4348 591 4411 in
606 4346 744 4414 Domino
754 4346 857 4425 fili‚ea
872 4346 1005 4411 cautelae
1020 4347 1186 4433 diligentia
1197 4373 1320 4415 versare
1336 4351 1367 4413 in
1383 4350 1511 4426 talibus,

561 4463 598 4515 ut
614 4450 714 4515 videri
737 4471 797 4513 non
821 4448 920 4534 possis
943 4450 1030 4514 sitire
1052 4452 1218 4535 pecuniam
1242 4452 1509 4538 delinquentium,
