3875 5725
548 845 611 903 262
819 857 957 901 roauurs
974 854 1253 900 sruasuauurrsrs
1409 839 1455 918 [r.
1475 858 1505 901 o.

554 1033 629 1074 vero
647 1008 825 1073 rotunditas
845 1008 1051 1090 perfeetionis
1069 1008 1224 1072 indicium
1244 1018 1302 1083 est,
1324 1019 1358 1069 ut
1377 1009 1506 1071 mitten·

554 1125 617 1176 tem
647 1112 773 1188 doceat,
801 1113 834 1173 in
868 1110 1008 1192 praefatis
1038 1111 1206 1173 virtutibus
1241 1121 1509 1173 consummatum.

557 1215 732 1277 Gemmeus
762 1213 865 1293 fulgor
902 1213 1058 1274 elucentis
1094 1210 1273 1293 prudentiae
1304 1223 1336 1273 et
1365 1213 1510 1274 scientiae

556 1317 664 1393 imago
680 1327 736 1378 cst.
782 1313 879 1389 Quid,
891 1314 979 1397 quod
995 1316 1082 1376 color
1096 1315 1165 1396 ipso
1180 1314 1320 1376 coelestis
1334 1315 1511 1377 rectissime

558 1419 674 1495 innuit,
690 1439 755 1500 quo
776 1417 811 1479 in
833 1417 958 1478 actibus
982 1418 1048 1479 suis
1070 1417 1233 1499 praecipue
1256 1416 1366 1479 tendat
1386 1418 1512 1479 animus

561 1515 739 1581 mittentis?
779 1518 890 1600 Ipsum
913 1539 987 1580 vero
1009 1517 1128 1600 lapidis
1150 1538 1267 1580 nomen
1289 1518 1455 1579 verborum
1479 1528 1513 1580 et

560 1639 692 1701 operum
708 1616 856 1697 designat
865 1628 1075 1680 venustatem.
1089 1645 1092 1648 ·
1119 1618 1140 1678 J
1143 1617 1300 1700 aeynthus
1316 1618 1412 1694 enim,
1427 1617 1454 1678 si
1470 1616 1512 1679 de

560 1719 669 1782 sormae
694 1719 803 1800 gratia,
829 1717 980 1780 dictionis
1009 1718 1209 1781 attendamus
1235 1719 1402 1800 originem,
1426 1730 1513 1781 totus

561 1821 632 1898 flou,
648 1822 698 1882 rel
713 1820 930 1909 universaliter
941 1822 1058 1882 florens
1075 1821 1306 1903 interpretatur.
1339 1823 1381 1884 Ja
1396 1822 1512 1884 etenim

560 1922 770 1985 universalem
792 1932 895 1998 sonat,
910 1933 942 1982 et
955 1923 1093 2004 cynthus
1110 1922 1239 1984 vertitur
1253 1923 1286 1984 in
1303 1924 1424 1985 florem.
1468 1923 1515 1985 Et

560 2045 602 2087 ne
628 2026 661 2086 iu
688 2023 783 2105 hujus
807 2025 1003 2104 tempestatis
1028 2025 1162 2086 articulo
1188 2024 1270 2087 fides
1295 2025 1434 2103 vacillet,
1459 2036 1516 2087 aut

560 2126 710 2188 humanis
734 2125 995 2205 persuasionibus
1018 2126 1100 2186 ratio
1130 2125 1312 2201 seducatur,
1339 2138 1371 2188 et
1400 2148 1510 2208 super-

563 2228 695 2308 scriptio
711 2226 808 2288 fidenr
825 2226 1004 2304 coufirmat,
1017 2238 1048 2288 et
1059 2226 1219 2289 illuminat
1236 2230 1397 2290 rationem.
1428 2229 1514 2290 Nam

561 2328 717 2390 rationem
739 2329 779 2388 ab
801 2347 903 2387 errore
924 2348 1064 2407 purgans
1079 2348 1150 2387 eum
1171 2329 1268 2390 mittit
1282 2329 1324 2391 ad
1340 2329 1516 2405 Christum,

563 2440 596 2492 et
625 2449 665 2490 ne
695 2427 956 2489 tribulationibus
987 2439 1020 2490 et
1048 2431 1203 2509 pressuris
1234 2431 1407 2493 Christiani
1432 2430 1516 2494 fides

562 2532 604 2595 ah
633 2528 818 2591 infirmitate
849 2527 989 2607 deficiat,
1019 2530 1184 2592 victoriam
1213 2533 1345 2595 ascribit
1374 2532 1513 2595 Christo.

563 2633 689 2705 Quibus
705 2630 833 2692 duobus
852 2631 957 2694 verbis
973 2643 1005 2694 et
1020 2633 1103 2694 fides
1118 2634 1159 2695 ab
1180 2618 1374 2712 infirmitate,
1389 2647 1421 2697 et
1434 2634 1516 2698 ratio

563 2739 603 2800 ab
620 2756 722 2798 errore
739 2745 898 2816 purgatur.
936 2736 981 2798 Et
996 2735 1072 2818 quia
1087 2735 1162 2797 finis
1177 2758 1294 2819 pugnae
1311 2737 1440 2800 victoria
1456 2747 1516 2815 est,

563 2846 596 2901 et
624 2835 744 2899 fructus
776 2835 915 2897 victoriae
951 2857 1080 2915 corona,
1116 2837 1245 2901 Christo
1280 2849 1515 2921 consequenter

562 2961 695 3021 reguum
723 2937 877 3014 attribuit,
899 2950 934 2999 ut
954 2960 1027 3001 cum
1051 2961 1089 3000 eo
1114 2952 1366 3021 conregnaturosv
1390 2941 1515 3018 doceat,

565 3044 710 3128 quicum
734 3041 862 3103 Christo
885 3042 1093 3103 certaminum
1115 3055 1147 3104 et
1169 3044 1313 3105 laborum
1330 3044 1516 3109 discrimina

565 3147 774 3227 pertulerunt,
798 3155 830 3204 et
852 3142 1049 3205 adversarios
1073 3144 1153 3225 ejus,
1176 3146 1307 3225 quando
1330 3147 1459 3228 justitia
1479 3148 1514 3210 in

559 3245 718 3329 judicium
743 3253 952 3318 convertetur,
976 3245 1166 3307 contritione
1190 3257 1223 3307 et
1245 3247 1433 3311 confusione
1456 3248 1514 3310 du·

563 3346 640 3427 plici
657 3343 881 3405 conterendos.
927 3344 962 3405 Si
982 3345 1112 3426 quidem
1133 3346 1234 3407 horror
1249 3349 1332 3427 regis
1349 3350 1513 3432 judicium

564 3442 678 3523 diligit,
702 3452 733 3506 ct
757 3444 841 3528 oculi
864 3444 934 3525 ejus
957 3445 1066 3507 rident
1092 3446 1167 3528 quia
1193 3447 1299 3527 diligit
1320 3453 1512 3531 aequitatem.

564 3548 647 3610 Nam
663 3544 718 3606 ubi
734 3564 831 3621 amor,
844 3545 890 3604 ibi
900 3546 1027 3628 ¹oculus.
1072 3547 1116 3607 Et
1131 3546 1201 3608 haeo
1219 3549 1295 3610 mibi
1308 3549 1429 3611 ridetur
1444 3571 1514 3613 csse

564 3650 698 3712 duarum
728 3646 899 3728 conceptio
936 3647 1133 3709 clausarum:
1171 3649 1264 3711 tertia
1294 3671 1367 3712 vcro
1396 3673 1515 3716 nomen

565 3749 684 3815 Christi
704 3749 828 3831 repetit,
849 3761 882 3811 et
902 3748 1027 3831 imperii
1048 3750 1160 3813 reticet
1183 3751 1381 3832 dignitatem,
1396 3776 1434 3817 ea
1449 3755 1515 3819 dis·

564 3852 752 3936 pensatione
768 3862 802 3913 ut
817 3852 961 3928 arbitror,
977 3872 1042 3934 quo
1062 3862 1094 3914 et
1114 3853 1238 3916 animus
1256 3855 1459 3936 suscipientis
1481 3858 1516 3921 in

565 3963 804 4037 persecutorum
819 3975 948 4015 suorum
966 3954 1095 4031 victore,
1111 3965 1144 4017 et
1158 3956 1282 4034 Regum
1296 3956 1385 4036 Rege
1403 3957 1517 4037 figatur

567 4055 705 4131 Christo,
722 4056 815 4136 eique
838 4055 998 4117 cohaereat
1019 4057 1281 4137 inscparabilitcr,
1297 4072 1329 4119 ct
1351 4070 1386 4120 ut
1408 4070 1517 4124 osten-

566 4154 658 4215 datur
677 4174 742 4214 non
764 4176 833 4216 csse
853 4155 948 4216 hodie
968 4156 1203 4236 imperatorem,
1220 4158 1274 4239 qui
1295 4157 1337 4219 ad
1353 4160 1517 4226 Christum

554 4254 733 4340 pertineat,
751 4275 848 4337 quum
871 4255 1097 4317 schismaticus
1119 4260 1254 4338 pervim
1276 4272 1308 4322 et
1328 4261 1471 4325 fraudem
1487 4280 1519 4327 et

535 4433 538 4437 g
564 4358 669 4421 labem
684 4353 915 4429 haereticorum,
930 4354 1038 4417 nitens
1057 4356 1265 4422 insecabilem
1285 4362 1432 4428 scindere
1447 4366 1517 4427 uni-

567 4454 900 4535 tatem,integritatem
917 4476 1130 4539 eorrumpere,
1145 4459 1302 4525 incestare
1318 4466 1516 4547 pudicitiam,
