3875 5725
555 827 596 887 86
815 840 950 886 scaurus
967 841 1246 888 saansaaarnusrs
1418 827 1465 905 [a.
1483 847 1514 891 no

560 991 601 1056 ad
632 991 885 1077 presbyteratum
915 991 1057 1062 accessit,
1084 1004 1192 1055 votum
1219 993 1422 1058 continentiae
1451 996 1516 1059 dis-

562 1092 710 1156 simulare
729 1114 792 1154 non
814 1104 929 1176 potest,
945 1113 1044 1177 quum
1064 1090 1144 1155 illud
1168 1107 1224 1157 aut
1244 1116 1442 1178 expressum,
1459 1112 1516 1162 aut

563 1193 709 1269 tacitum,
738 1192 832 1256 etiam
862 1192 1068 1259 diaconorum
1098 1193 1287 1260 ordinationi
1317 1218 1356 1260 ex
1387 1197 1517 1263 decreto

565 1294 699 1361 Martini
714 1316 806 1380 papae
818 1294 970 1360 doceatur
982 1297 1147 1359 insertum.
1179 1296 1233 1359 Ait
1248 1295 1343 1373 enim,
1355 1298 1518 1364 Diaconus

566 1397 621 1484 qui
655 1396 795 1479 eligitur,
825 1397 851 1460 si
884 1408 1080 1463 contestatus
1112 1397 1210 1461 fuerit
1244 1419 1303 1483 pro
1335 1399 1519 1484 accipiendo

566 1498 779 1575 matrimonio,
803 1510 835 1562 et
865 1521 898 1562 sc
927 1497 1045 1564 dixerit
1071 1498 1104 1562 in
1128 1500 1274 1564 castitate
1300 1522 1428 1566 manere
1455 1524 1518 1565 non

566 1621 667 1684 posse,
694 1599 745 1662 hic
771 1620 833 1662 non
858 1597 1034 1663 ordinetur.
1089 1599 1183 1675 Quod
1211 1600 1237 1662 si
1263 1599 1295 1663 in
1319 1600 1518 1666 ordinatione

565 1701 710 1780 tacuerit,
730 1715 761 1764 et
782 1700 947 1767 ordinatus
965 1699 1076 1777 fuerit,
1098 1713 1130 1764 et
1153 1714 1263 1785 postea
1282 1702 1517 1767 matrimonium

567 1801 804 1879 desideraverit,
833 1801 872 1864 sit
903 1800 1025 1864 alienus
1054 1825 1073 1864 a
1102 1803 1288 1882 ministerio,
1319 1819 1351 1869 ct
1381 1822 1471 1870 vacet
1500 1829 1520 1870 a

566 1902 659 1968 clero.
705 1903 865 1970 Consonat
885 1901 959 1966 huic
974 1916 1006 1967 et
1022 1906 1100 1979 Leo,
1118 1903 1196 1967 tuba
1210 1903 1356 1979 coelestis,
1373 1906 1429 1990 qui
1447 1908 1520 1971 sub-

566 2003 751 2068 diaconibus
770 2007 895 2069 oaruale
917 2003 1077 2067 interdicit
1095 2003 1302 2080 connubium,
1318 2017 1351 2069 et
1370 2007 1520 2071 omnibus

566 2105 662 2170 sacris
697 2103 863 2170 ordinibus
899 2102 1138 2167 sincerissimam
1176 2104 1370 2169 castimoniae
1406 2106 1519 2172 indicit

567 2205 750 2292 puritatem.
812 2205 918 2268 Erunt
954 2204 1055 2288 igitur
1092 2205 1126 2268 bi
1163 2220 1320 2292 perpetuo
1357 2209 1519 2294 conjuges,

566 2307 660 2372 etiam
685 2305 834 2390 separati,
857 2318 887 2368 et
911 2309 944 2368 iu
966 2305 1116 2390 conjugio
1139 2306 1246 2393 positi,
1270 2320 1424 2392 tanquam
1447 2332 1521 2374 con·

562 2409 692 2496 jugium
715 2430 777 2473 non
801 2406 963 2482 habentes,
980 2408 1229 2494 manebuntque,
1245 2425 1371 2474 arcente
1392 2433 1424 2476 se
1447 2424 1522 2476 voto

566 2507 781 2587 continentias,
806 2511 859 2573 cui
884 2507 1018 2590 obligati
1044 2522 1129 2584 sunt,
1152 2524 1309 2596 perpetuo
1335 2510 1520 2597 singulares.

568 2611 661 2689 Quod
678 2611 703 2674 si
718 2610 758 2673 ad
775 2632 856 2695 opus
870 2609 1004 2673 carnalis
1018 2610 1196 2677 commercii
1213 2612 1297 2676 forte
1318 2612 1481 2695 redierint,
1495 2613 1521 2676 si

568 2711 700 2799 quidem
729 2733 848 2788 secum,
875 2711 941 2774 voti
971 2711 1081 2784 fracti3
1114 2712 1141 2775 si
1166 2735 1239 2776 cum
1265 2713 1348 2791 aliis,
1373 2713 1523 2778 adulterii

569 2827 693 2884 reatum
719 2813 893 2879 incurrent.
939 2813 1007 2877 Nec
1034 2815 1066 2879 in
1093 2838 1131 2879 eo
1151 2815 1289 2902 juvatur
1316 2817 1525 2903 praesumptio

569 2918 749 2998 sacerdotis,
764 2917 851 3005 quod
867 2917 909 2982 ab
927 2918 998 3003 ipso
1014 2917 1256 3004 jusjurandum,
1271 2931 1309 2983 ut
1329 2940 1361 2982 se
1382 2932 1524 3004 tempore

568 3021 722 3088 contracti
743 3019 935 3085 matrimonii
957 3018 1189 3084 subdiaconum
1207 3019 1305 3084 fuisse
1326 3020 1464 3096 doceret,
1483 3042 1522 3082 ex

568 3122 745 3187 abundanti
771 3120 947 3206 accepistis,
972 3144 1073 3203 quum
1100 3121 1160 3183 boc
1183 3121 1268 3187 solus
1290 3126 1469 3199 asseruerit,
1492 3135 1524 3185 et

568 3221 773 3308 postmodum
789 3221 821 3281 in
838 3220 1007 3303 praeseutia
1022 3219 1143 3283 domini
1160 3221 1377 3300 Cicestrensis,
1394 3239 1431 3289 ut
1447 3225 1524 3287 scri·

568 3322 656 3395 bitis,
678 3344 711 3387 ae
730 3319 887 3404 dejerasse
907 3316 1065 3383 coufessus
1086 3320 1143 3392 sit;
1172 3334 1210 3382 ut
1230 3344 1288 3386 nec
1308 3322 1426 3387 dicenti
1446 3324 1526 3387 fides

569 3422 715 3488 habenda
744 3420 796 3495 sit,
823 3442 880 3484 nec
910 3418 1051 3503 neganti,
1082 3419 1143 3483 nisi
1174 3435 1211 3484 ut
1240 3422 1397 3486 confessio
1425 3424 1526 3507 ipsius

571 3535 680 3590 contra
696 3520 879 3588 secundem
895 3519 1031 3586 sufficiat
1046 3519 1266 3585 condemnare.
1306 3522 1435 3586 sienim
1452 3524 1527 3587 sub-

571 3624 723 3688 diaconus
743 3634 823 3698 erat,
846 3622 1028 3707 puniendus
1051 3635 1100 3686 est
1122 3634 1322 3708 contemptor
1345 3624 1477 3703 ordinis,
1500 3626 1526 3689 si

571 3750 634 3791 non
660 3739 740 3802 erat,
762 3746 855 3811 aeque
880 3724 1069 3808 plectendus
1094 3736 1142 3789 est
1164 3724 1341 3811 conjugalis
1362 3725 1437 3794 fidei
1459 3727 1526 3793 vio-

570 3830 665 3908 lator,
675 3849 715 3894 ao
730 3826 859 3913 quidem
876 3826 976 3912 magis
990 3850 1057 3913 quo
1072 3827 1219 3891 secundis
1234 3828 1367 3913 nuptiis,
1380 3828 1405 3891 si
1420 3849 1526 3895 tamen

572 3930 694 4016 nuptiae
717 3941 791 3993 sunt
815 3928 967 4010 dicendae,
989 3950 1118 3992 causam
1145 3928 1232 3991 visus
1258 3941 1305 3991 est
1332 3932 1525 4013 praestitisse.

573 4030 621 4093 Ut
643 4028 726 4092 enim
749 4028 794 4091 ait
819 4032 856 4091 B.
882 4029 1087 4112 Augustinus
1106 4028 1138 4090 iu
1161 4028 1245 4092 libro
1266 4028 1306 4090 de
1330 4028 1527 4106 adulterinis

573 4126 753 4213 conjugiis,
771 4127 804 4190 Si
820 4139 857 4192 tu
871 4127 1011 4193 abstines
1025 4127 1092 4195 sine
1108 4130 1216 4194 uxoris
1229 4129 1403 4213 voluntate,
1413 4133 1528 4196 tribuis

573 4227 603 4295 ei
622 4225 798 4294 fornicandi
819 4224 991 4305 licentiam,
1007 4244 1039 4293 et
1060 4243 1228 4314 peccatum
1245 4230 1331 4297 illius
1346 4244 1410 4300 tuae
1425 4233 1529 4318 impu·

574 4332 696 4397 tabitur
711 4326 922 4394 abstinentiae.
968 4329 1053 4406 Quid
1078 4352 1165 4415 ergo,
1189 4332 1214 4395 si
1237 4332 1375 4399 deseris?
1401 4333 1528 4417 quidsi

575 4431 725 4501 decennio
740 4442 794 4495 aut
810 4429 947 4515 amplius
962 4434 1193 4518 peregrinaris?
1218 4437 1296 4521 quid
1314 4437 1339 4501 si
1356 4451 1527 4510 revertens,
