3875 5725
501 831 695 910 llas—66]
883 851 1060 896 arrsrora.
1382 842 1444 900 213

493 1024 551 1068 nec
568 1014 726 1086 repugnat
742 1004 829 1088 quod
845 1004 878 1066 in
894 1005 1006 1084 grandi
1020 1005 1103 1067 libro
1120 1005 1257 1068 seribere
1268 1004 1378 1088 jussus
1394 1020 1442 1071 est

493 1106 574 1188 stylo
601 1105 751 1182 hominis,
774 1107 849 1189 quia
874 1107 956 1168 liber
981 1107 1034 1167 ille
1054 1106 1123 1190 jam
1149 1107 1285 1189 scriptus
1310 1119 1386 1186 erat,
1410 1120 1443 1173 et

493 1207 631 1288 grandis,
646 1229 706 1270 nec
724 1207 765 1270 ad
780 1208 880 1290 ipsius
899 1208 1097 1289 prophetias,
1111 1218 1147 1270 ut
1169 1208 1268 1281 aiunt,
1285 1209 1444 1290 pertinent

493 1308 699 1388 colligendas
723 1331 794 1392 quae
817 1318 963 1391 exceptae
987 1311 1122 1371 suntab
1147 1308 1355 1386 auditoribus
1371 1323 1403 1373 et
1423 1335 1444 1374 a

492 1410 623 1492 praefato
639 1432 711 1491 rege
724 1410 898 1492 dispositae.
938 1410 1042 1472 Iidem
1058 1422 1090 1472 et
1105 1411 1277 1473 Parabolos
1289 1412 1443 1494 compila-

491 1525 614 1584 verunt,
630 1524 703 1574 ante
722 1511 852 1596 quidem
869 1533 887 1573 a
910 1494 1081 1574 Salomone
1098 1511 1243 1587 dictataS,
1258 1523 1291 1574 et
1312 1513 1443 1577 silenter

494 1612 1161 1694 abexcipientibus,ututsit,usurulgatas
1186 1611 1442 1677 Undeiniisdem

491 1715 651 1796 parabolis
665 1715 716 1774 hae
732 1733 859 1794 quoque
876 1722 951 1773 sunt
974 1698 1133 1792 parabolae
1158 1711 1348 1787 Salomonis
1364 1737 1444 1798 quas

492 1816 719 1880 transtulerunt
734 1814 790 1874 viri
807 1813 961 1879 Ezechiae
984 1813 1066 1892 regis
1088 1814 1109 1875 J
1113 1812 1184 1875 uda.
1228 1814 1443 1879 Transtulisse

493 1927 599 1979 autem
615 1916 774 1990 dicuntur,
790 1916 865 1997 quia
880 1913 972 1998 qnasi
987 1913 1026 1975 de
1043 1915 1115 1977 loco
1130 1915 1172 1977 ad
1188 1917 1306 1992 locum,
1323 1918 1364 1978 ab
1384 1939 1444 1980 usu

494 2018 625 2096 vulgari,
655 2029 686 2079 et
715 2017 846 2099 privatis
877 2016 1011 2077 fortasse
1042 2014 1205 2077 schedulis
1239 2016 1444 2097 singulorum,

491 2121 622 2204 publica
637 2119 823 2182 auctoritate
840 2117 1051 2181 traduxerunt
1067 2119 1099 2178 in
1118 2117 1283 2182 Canonem
1302 2119 1443 2204 Scriptu-

489 2241 604 2287 rarum.
651 2219 732 2282 lude
749 2215 843 2282 etiam
864 2217 1028 2281 roboratur
1050 2218 1119 2279 haec
1143 2218 1283 2296 traditio,
1300 2222 1386 2304 quod
1408 2222 1443 2284 in

491 2323 582 2385 tertio
598 2323 724 2403 Regum
737 2323 887 2405 scriptum
904 2331 962 2396 est,
976 2320 1144 2400 [aquatus
1154 2326 1202 2381 est
1214 2319 1364 2384 Salomon
1377 2325 1444 2386 trio

491 2427 592 2487 millio
613 2424 793 2505 parabolas,
816 2430 848 2485 at
865 2424 1015 2503 fueruat
1036 2423 1184 2484 carmina
1206 2423 1277 2501 ejas
1299 2427 1445 2508 quinque

490 2530 604 2606 millia,
613 2534 643 2589 et
654 2529 834 2607 disputavit
845 2548 866 2587 o
878 2525 968 2587 cedro
983 2526 1099 2587 Liboni
1111 2546 1211 2605 usqae
1222 2526 1266 2588 od
1275 2527 1444 2608 hyssopum

491 2634 537 2707 dfe
592 2631 667 2691 Hoc
684 2630 767 2690 enim
791 2626 909 2689 dixisse
933 2627 1041 2708 potius
1064 2628 1211 2703 creditur,
1227 2650 1322 2710 quam
1345 2630 1443 2712 scrip-

492 2733 582 2794 sisse.
628 2731 710 2792 Sunt
740 2730 794 2812 qui
822 2729 961 2790 carmina
977 2728 1046 2810 ejus
1076 2727 1211 2791 referant
1241 2729 1282 2791 ad
1310 2730 1445 2794 Cantica

489 2831 713 2895 canticorum:
739 2829 989 2910 disputationem
1004 2827 1193 2890 naturalium
1209 2830 1387 2893 amaximis
1402 2832 1443 2896 ad

489 2934 620 2996 minima
640 2932 876 3016 procedentem,
894 2929 933 2993 ad
949 2930 1216 3008 significationem
1239 2952 1347 2994 eorum
1370 2955 1442 3016 quae

493 3036 708 3099 Ecclesiastes
720 3034 753 3096 in
765 3033 861 3096 totius
874 3030 986 3093 muudi
999 3030 1208 3093 concionatur
1223 3029 1343 3095 auditu.
1381 3034 1444 3097 Sed

493 3139 532 3201 de
562 3137 612 3199 his
642 3135 730 3199 alias.
776 3136 860 3196 Nam
891 3145 922 3195 et
951 3130 1225 3210 Ecclesiasticem,
1250 3144 1282 3197 et
1312 3134 1446 3199 Cantica

493 3241 699 3303 Canticorum
736 3236 862 3301 Canoni
900 3234 1134 3317 seripturarum
1171 3256 1229 3297 rex
1268 3236 1444 3299 Jerusalem

492 3342 653 3404 Ezechias
669 3350 700 3403 et
715 3339 938 3403 conscholares
953 3337 1001 3398 sui
1018 3336 1167 3399 dicuntur
1182 3337 1346 3421 adjecisse.
1387 3338 1444 3403 Sa·

490 3442 628 3506 lomonis
645 3452 750 3503 tamen
773 3438 960 3503 auctoritate
984 3438 1117 3519 prolata,
1134 3459 1229 3521 quem
1245 3438 1278 3500 in
1293 3439 1343 3502 his
1365 3460 1442 3503 con-

492 3543 671 3609 scribendis
707 3543 914 3615 inventorem,
945 3550 977 3602 et
1007 3539 1098 3623 quasi
1128 3540 1267 3621 publicas
1296 3542 1443 3606 utilitatis

487 3666 669 3729 praeconem
690 3644 875 3706 habuerant.
923 3642 998 3703 Hoc
1019 3653 1128 3703 tamen
1151 3652 1261 3705 eontra
1283 3644 1451 3723 vulgatam,

490 3750 683 3834 opinionem,
698 3746 755 3809 sed
771 3768 812 3808 an
836 3758 948 3807 contra
963 3743 1125 3805 veritatem
1148 3741 1268 3804 dictum
1292 3745 1343 3818 sit,
1360 3744 1444 3809 diffi÷

491 3852 559 3914 niat
573 3851 627 3912 ille
644 3848 698 3931 qui
713 3848 812 3908 novit.
843 3848 993 3926 Aggasus,
1007 3843 1189 3918 Zacharias,
1205 3853 1237 3904 et
1251 3844 1442 3922 Malachias‚

492 3952 644 4018 adhibitis
665 3972 708 4011 xv
734 3948 818 4024 viris,
841 3946 981 4009 maxime
1004 3941 1142 4006 fideliter
1163 3965 1334 4026 synagogae
1357 3947 1442 4011 Eze-

488 4055 599 4117 chielis
615 4052 741 4115 oracula
757 4057 1014 4131 composuerunt.
1052 4046 1126 4128 Ipse
1149 4046 1235 4108 enim
1256 4047 1442 4128 praedicarit

491 4154 639 4229 visiones,
655 4166 685 4216 et
704 4150 811 4215 infixit
833 4149 992 4212 memoriae
1009 4146 1187 4212 auditorum
1210 4150 1336 4232 quasin
1360 4164 1442 4215 terra

490 4255 613 4336 polluta
635 4256 772 4317 scribere
798 4253 911 4329 noluit,
933 4272 973 4314 ne
999 4260 1112 4314 sancta
1137 4252 1361 4332 prophanaret,
1383 4254 1439 4315 sed

487 4354 652 4439 praecepit,
682 4365 717 4416 ut
746 4355 958 4417 scriberentur
988 4354 1020 4415 in
1050 4366 1131 4415 terra
1162 4354 1304 4415 Domini.
1351 4355 1437 4416 Huic

491 4465 596 4526 autem
614 4454 813 4536 suspensioni
830 4454 943 4517 alludit
967 4456 1123 4532 Psalmns,
1140 4454 1261 4531 diceus,
1282 4454 1440 4517 171δαὶἱοὶ-
