3875 5725
584 837 626 895 56
840 848 976 894 soanavs
992 846 1266 894 saaasasmausrs
1443 829 1488 909 [s.
1507 848 1542 892 o.

514 1006 527 1025 ⁴
580 1000 759 1080 destinatis,
784 997 990 1085 praecipiatis,
1017 1012 1173 1081 quatenus
1203 996 1289 1082 quod
1320 1017 1378 1060 nos
1404 1016 1541 1081 urgente

582 1103 767 1167 necessitate
783 1100 921 1186 episcopi
937 1100 1024 1185 apud
1039 1123 1097 1163 nos
1106 1099 1265 1163 exulantis
1280 1097 1427 1161 canonice
1438 1111 1542 1162 statu-

582 1226 671 1267 emus
687 1204 718 1266 in
737 1202 926 1277 wallenses,
941 1201 1000 1285 ipsi
1018 1213 1121 1265 ratum
1138 1199 1287 1271 habeant,
1303 1210 1335 1262 et
1349 1198 1537 1263 sententiam

583 1320 722 1371 nostram
739 1304 872 1369 firmiter
886 1302 1066 1366 observent.

781 1607 1003 1672 EPISTOLA
1027 1606 1205 1669 [ΙΨ-ΑΙ)
1223 1623 1348 1668 aunem.

644 1753 724 1835 Regi
739 1756 763 1816 Α
767 1753 924 1835 aptorum,
942 1750 1191 1815 Cantauriensr‘s
1208 1748 1477 1831 Archiepircopus.

626 1912 725 1988 QUAM
749 1910 802 1994 pia
826 1908 993 1972 devotione
1015 1905 1105 1968 vobis
1127 1906 1298 1980 servierim,
1321 1907 1426 1970 verbis
1448 1930 1536 1971 enar-

583 2035 652 2076 rare
667 2010 864 2095 superfluum
886 2009 979 2081 duco,
995 2030 1094 2092 quum
1119 2006 1195 2071 mihi
1218 2007 1390 2071 multorum
1413 2021 1537 2094 tempo·

581 2135 652 2176 rum
676 2112 843 2176 manifesta
863 2131 960 2199 opera
981 2122 1183 2183 attestentur,
1200 2122 1231 2173 et
1252 2109 1326 2173 fidei
1345 2135 1424 2175 meae
1446 2113 1539 2176 testis

582 2215 614 2276 in
631 2212 710 2278 coelo
727 2213 778 2287 sit,
791 2228 823 2277 et
838 2211 1036 2275 conscientiae
1051 2211 1194 2274 conscius
1205 2216 1236 2274 in
1252 2212 1385 2275 excelso.
1415 2213 1537 2277 Attrita

581 2330 628 2378 est
644 2338 716 2378 caro
731 2337 811 2392 mea,
823 2327 854 2378 et
871 2327 935 2378 tam
952 2326 1045 2376 aetate
1056 2335 1151 2398 quam
1169 2312 1331 2378 laboribus
1342 2312 1536 2399 praefatigati

585 2431 659 2480 sunt
681 2429 782 2492 artus,
805 2426 836 2478 et
859 2414 1018 2499 aegritudo
1039 2415 1146 2498 gravis
1172 2428 1203 2477 et
1229 2415 1384 2479 diuturna
1409 2417 1533 2480 dierum

581 2541 722 2582 meorum
735 2518 828 2580 finem
841 2517 873 2580 in
886 2515 975 2580 brevi
986 2516 1095 2579 adesse
1106 2515 1283 2581 denuntiat.
1313 2517 1530 2582 Desideratum

581 2619 635 2683 diu
647 2620 758 2684 faciem
771 2637 905 2684 vestram
919 2618 1025 2682 videre
1036 2619 1212 2702 sperabam,
1222 2634 1392 2705 antequam
1405 2620 1531 2696 moriar,

581 2736 613 2786 et
627 2746 680 2786 eos
695 2744 776 2809 quos
791 2745 869 2788 meae
884 2721 1038 2785 custodiae
1051 2722 1083 2784 in
1101 2743 1198 2805 regno
1216 2734 1321 2785 vestro
1334 2723 1533 2786 commenda-

579 2841 668 2891 verat
681 2829 780 2902 Deus,
800 2825 872 2912 ipso
886 2825 1063 2912 inspectore
1085 2837 1117 2890 et
1139 2837 1219 2890 teste
1240 2824 1329 2889 vobis
1351 2824 1532 2911 praeseutia-

580 2927 652 2992 liter
680 2929 879 2993 decreveram
909 2929 1138 2994 commendare.
1195 2929 1258 2993 Sed
1288 2929 1365 3013 quia
1393 2928 1434 2991 ad
1463 2931 1533 3012 ejus

581 3054 713 3093 examen
740 3032 835 3095 citius
865 3054 971 3109 vocor,
997 3045 1070 3094 ante
1100 3029 1191 3112 cujus
1218 3030 1356 3093 tribunal
1382 3029 1414 3092 in
1441 3028 1530 3092 brevi

582 3132 738 3194 stabimus
761 3154 880 3205 omnes,
908 3132 1107 3193 serenitatem
1136 3145 1282 3205 vestram,
1309 3132 1412 3214 regios
1437 3132 1532 3196 corde

579 3229 771 3314 provolutus
796 3228 835 3290 ad
863 3227 972 3310 pedes,
999 3228 1111 3290 litteris
1133 3250 1237 3290 coram
1265 3230 1405 3294 Domino
1421 3232 1534 3316 judice

579 3327 720 3391 omnium
743 3326 956 3411 praesentibus
976 3324 1134 3410 alloquor,
1156 3327 1312 3388 attentius
1335 3331 1532 3412 supplicans,

579 3441 617 3492 ut
638 3426 762 3489 fidelem
784 3437 935 3502 vestrum,
957 3424 1050 3509 cujus
1071 3426 1104 3488 in
1127 3447 1184 3487 vos
1205 3446 1380 3509 numquam
1403 3427 1536 3496 devotio

575 3527 693 3614 tepuit,
708 3538 852 3611 agentem
867 3525 899 3587 in
915 3526 1067 3589 extremis
1081 3525 1253 3609 dignemini
1268 3527 1429 3592 exaudire.
1463 3534 1533 3595 Ex-

578 3630 687 3695 audite
713 3650 831 3713 quaeso,
858 3639 896 3690 ut
921 3649 978 3689 vos
1003 3627 1035 3689 in
1062 3627 1213 3690 extremis
1242 3629 1354 3693 vestris
1379 3633 1531 3700 exaudiat

578 3738 677 3798 Deus.
723 3729 885 3794 Exaudite
907 3751 958 3792 me
979 3752 1038 3815 pro
1060 3730 1155 3793 domo
1175 3732 1315 3812 Domini,
1330 3748 1361 3797 et
1379 3756 1437 3819 pro
1461 3758 1531 3821 par-

578 3834 755 3921 vulislejus,
766 3856 848 3920 quos
863 3832 1003 3896 humano
1019 3832 1188 3897 destitutos
1203 3836 1315 3899 solatio
1330 3834 1528 3922 derelinquo,

578 3948 616 4000 ut
638 3936 767 3999 domum
792 3947 928 3999 vestram
955 3946 1084 3998 tueatur
1108 3934 1304 4017 Altissimus,
1325 3949 1357 4001 et
1379 3937 1529 4022 parvulos

578 4050 709 4113 vestros,
732 4052 763 4101 et
790 4036 929 4099 filiorum
953 4051 1129 4100 vestrorum
1154 4038 1185 4100 in
1209 4060 1313 4102 aevum
1339 4038 1527 4104 consoletur.

577 4137 775 4201 Transmitto
797 4137 886 4201 vobis
909 4151 939 4202 et
963 4137 1071 4201 semini
1102 4152 1215 4216 vestro,
1239 4137 1487 4203 benedictionem
1510 4166 1529 4205 a

576 4240 715 4307 Domino
731 4241 754 4301 J
756 4262 809 4302 esu
824 4238 966 4304 Christo:
992 4252 1023 4301 et
1041 4261 1095 4301 vos
1111 4239 1137 4303 si
1153 4238 1256 4323 placet
1272 4239 1436 4306 destitutis
1451 4244 1527 4307 meis

576 4344 749 4430 majestatis
767 4354 878 4405 vestrae
902 4340 1048 4404 solatium
1070 4339 1195 4403 mittite.
1227 4342 1422 4404 Commendo
1438 4344 1527 4407 vobis

576 4461 713 4512 sanctam
731 4446 990 4510 Cantuariensem
1006 4441 1180 4521 ecclesiam,
1197 4440 1236 4507 de
1251 4444 1342 4529 cujus
1358 4468 1451 4510 manu
1469 4470 1526 4531 per
