3875 5725
494 842 554 903 162
742 855 878 900 scaurus
895 852 1175 900 sanasannmusrs
1351 836 1394 916 [a.
1412 854 1445 898 n.

488 1005 520 1072 io
537 1007 647 1092 aliquo
661 1005 797 1090 gratiam
813 1006 883 1089 ejus
898 1003 1054 1081 demerui,
1071 1004 1284 1070 satisfactione
1304 1027 1445 1090 congrua

484 1107 616 1173 eandem
631 1107 710 1170 mihi
725 1107 818 1172 liceat
834 1108 1017 1192 promereri,
1037 1123 1069 1173 et
1091 1105 1206 1171 exinde
1226 1107 1390 1172 honestius
1412 1118 1445 1170 et

486 1208 628 1286 liberius,
644 1209 693 1272 vel
708 1211 812 1292 gratia
823 1203 1011 1288 litterarur'n,
1023 1207 1074 1272 vel
1088 1207 1297 1293 occupatione
1308 1207 1442 1274 alterius

486 1307 597 1387 studii,
614 1322 713 1375 tantae
728 1309 948 1384 sollicitudini,
972 1308 1146 1386 laboribus,
1163 1309 1396 1394 suspicionibus
1412 1321 1445 1372 et

488 1411 639 1500 periculis
654 1412 825 1498 meipsum
842 1411 1029 1476 subtrahere
1045 1424 1167 1498 potero.
1200 1413 1295 1475 Nunc
1306 1411 1401 1486 enim,
1419 1409 1445 1473 si

485 1512 565 1600 quid
589 1525 673 1577 recte
697 1513 763 1587 fiat,
787 1512 861 1586 alii;
886 1512 910 1576 si
934 1512 1013 1600 quid
1031 1515 1125 1593 male,
1148 1512 1224 1578 mihi
1241 1511 1443 1576 adscribitur.

489 1613 562 1679 Non
578 1629 626 1680 est
639 1614 758 1678 malum
781 1615 814 1677 in
836 1613 964 1680 civitate
980 1615 1068 1701 quod
1091 1638 1151 1700 ego
1173 1636 1236 1678 non
1252 1613 1378 1693 faciam,
1392 1636 1444 1676 me

488 1715 572 1781 forte
592 1718 758 1780 excusabit
780 1716 1032 1781 commodissime
1054 1717 1198 1781 absentia
1219 1738 1299 1791 mea,
1315 1725 1352 1778 ut
1375 1714 1446 1801 ejus

488 1821 630 1883 animum
652 1817 779 1882 facilius
806 1818 933 1905 possitis
954 1819 1116 1883 inclinare.
1161 1819 1301 1884 Litteras
1322 1815 1443 1879 domini

488 1941 582 2006 papas
603 1940 662 2004 pro
683 1940 734 1981 me
756 1918 908 1983 facientes
929 1918 1092 1984 dilectioni
1117 1931 1228 1984 vestrae
1251 1916 1444 1992 transmitto,

489 2021 617 2108 quassi
641 2019 757 2106 placet,
780 2019 857 2084 mihi
881 2019 1007 2085 restitui
1037 2022 1181 2086 faciatis:
1205 2044 1257 2085 eas
1279 2019 1357 2083 mihi
1378 2019 1446 2082 sine

487 2122 642 2208 rescripto
658 2143 721 2185 non
736 2135 869 2207 rogatus
884 2121 995 2186 attulit
1012 2122 1143 2188 nuntius
1158 2123 1277 2187 domini
1294 2120 1441 2187 Eliensis.

486 2224 582 2288 Hanc
596 2223 716 2288 domini
734 2247 824 2310 papae
840 2225 1025 2310 petitionem
1042 2225 1190 2289 dominus
1200 2224 1439 2290 cantuariensis

488 2323 604 2389 litteris
619 2323 685 2388 suis
701 2327 918 2411 prosequitur.

533 2429 584 2492 De
598 2439 714 2492 cetero
729 2449 835 2491 rerum
850 2441 1025 2495 vestrarum
1042 2453 1092 2494 me
1107 2452 1214 2495 curam
1229 2429 1346 2492 habere
1361 2451 1443 2515 prae-

487 2526 632 2613 cepistis:
663 2527 765 2594 libens
789 2551 897 2615 pareo,
924 2530 1018 2595 etiam
1046 2532 1104 2596 ubi
1128 2554 1192 2596 non
1219 2530 1344 2618 proficit
1366 2552 1443 2594 cura

488 2648 569 2694 mea.
615 2630 775 2693 Dominus
789 2643 896 2695 noster
911 2634 1114 2718 propriarum
1135 2632 1336 2698 ecclesiarum
1352 2631 1443 2696 vobis

489 2730 637 2795 subtrahi
651 2733 803 2818 praecepit
818 2731 985 2797 auxilium.
1022 2735 1256 2800 Resistentibus
1271 2733 1348 2797 mihi
1363 2733 1445 2808 aliis,

489 2831 613 2899 frustra
638 2847 750 2899 contra
774 2847 946 2901 torrentem
973 2838 1077 2904 direxi
1104 2837 1234 2903 brachia
1259 2860 1338 2902 mea.
1385 2837 1448 2900 Vos

489 2948 597 3002 autem
618 2960 714 3024 super
735 2937 804 3003 haec
824 2939 853 3002 ei
875 2940 1048 3005 rescribite.
1093 2943 1144 3005 De
1164 2950 1250 3005 statu
1266 2938 1390 3014 insulae,
1413 2951 1445 3001 et

491 3041 590 3104 curioe
604 3040 815 3105 familiaribus
830 3043 920 3106 vobis
936 3044 1031 3129 plura
1048 3043 1183 3108 scribere
1205 3065 1323 3116 vereor,
1338 3062 1441 3126 quum

490 3165 549 3227 per
569 3142 722 3207 invidiam
738 3143 889 3219 fortunae,
911 3142 1090 3208 litterarum
1106 3167 1247 3209 mearum
1264 3144 1346 3221 alite,
1367 3145 1444 3207 inci-

490 3241 569 3306 dant
584 3243 617 3305 in
631 3243 780 3322 latrones,
796 3243 867 3306 aliae
882 3244 1085 3330 naufragium
1100 3246 1274 3328 patiantur,
1289 3246 1360 3309 aliae
1375 3268 1447 3309 meo

491 3342 714 3429 dispendiose
738 3344 943 3431 impudenter
965 3346 1145 3433 principum
1168 3348 1268 3411 oculis
1287 3352 1443 3432 ingerant.

490 3441 530 3507 Iu
553 3441 603 3507 his
625 3455 742 3519 tamen,
763 3457 794 3508 et
819 3443 899 3519 aliis,
921 3445 1001 3530 quid
1024 3468 1074 3509 me
1095 3457 1240 3531 oporteat
1260 3447 1374 3522 facere,
1396 3469 1443 3508 re-

491 3544 642 3612 scribetis.

491 3772 714 3837 EPISTOLA
738 3771 948 3835 CXIV—au
964 3792 1169 3838 Murranum
1185 3792 1443 3837 nnacauronmu

738 3891 971 3939 suuonansau.
991 3876 1070 3956 [an.
1090 3876 1197 3955 usa]

677 4013 837 4075 Mattlraeo
852 4011 1048 4076 Procentori
1063 4014 1253 4078 Senonertsi.

535 4144 667 4219 Muros,
689 4142 799 4222 amice,
822 4157 854 4207 et
881 4144 984 4225 doleo,
1007 4144 1033 4207 si
1055 4144 1203 4211 dominus
1228 4170 1314 4234 papa
1338 4147 1444 4213 indul·

488 4243 604 4332 geutiae
628 4265 694 4307 suae
716 4243 903 4307 beneficium
921 4245 1091 4321 revocavit,
1107 4259 1140 4311 et
1155 4260 1187 4312 te
1208 4248 1335 4313 illorum
1358 4272 1440 4335 prae·

488 4348 574 4435 cepit
598 4346 703 4411 subire
724 4345 884 4430 judicium
911 4348 967 4432 qui
992 4348 1050 4412 tibi
1074 4352 1188 4415 merito
1217 4365 1351 4438 possunt
1374 4376 1440 4416 esse

488 4450 639 4537 suspecti,
655 4461 687 4512 et
711 4448 831 4533 absque
854 4471 1003 4534 suprema
1024 4452 1138 4516 atsere
1160 4453 1337 4519 invincibili
1361 4452 1442 4517 diffi-
