3875 5725
576 862 617 917 70
832 875 968 919 scaurus
984 872 1264 918 sannsanaransrs
1389 898 1395 913 f
1430 860 1478 933 [A.
1497 879 1527 921 n.

575 1025 720 1089 vertitur.
777 1029 819 1089 At
844 1024 973 1109 justitia
999 1023 1129 1087 Domini
1159 1022 1191 1086 in
1222 1036 1376 1088 aeternum
1403 1025 1534 1110 justitia

576 1122 642 1191 ests
676 1127 807 1191 Interim
823 1126 923 1189 donec
939 1124 1098 1189 illuminet
1113 1124 1299 1189 abscondita
1314 1126 1531 1203 tenebrarum,

576 1228 771 1292 invocandus
785 1241 833 1292 est
848 1240 879 1292 et
901 1226 1075 1311 rogandus,
1092 1238 1129 1290 ut
1153 1226 1320 1292 manifesto
1335 1227 1532 1294 demonstret

572 1329 707 1416 judicio,
718 1352 811 1416 quem
824 1330 896 1416 ipse
907 1327 1071 1414 praeelegit
1083 1329 1224 1413 accipere
1236 1341 1352 1393 sortem
1365 1332 1531 1396 ministerii

578 1431 685 1515 hujus.
742 1427 774 1494 Si
801 1445 906 1495 tamen
932 1428 1013 1494 nihil
1043 1442 1090 1494 est
1117 1429 1204 1515 quod
1232 1431 1405 1516 quaestioni
1434 1433 1531 1496 faciat

578 1531 694 1610 locum,
709 1546 765 1596 aut
788 1531 937 1596 dubitare
960 1528 1124 1617 permittat
1146 1530 1194 1593 vel
1218 1530 1442 1596 Academicum
1465 1534 1532 1598 fere

578 1631 619 1697 ad
631 1632 736 1694 omnia
748 1635 967 1707 fluctuantem,
978 1653 1077 1717 quum
1089 1653 1207 1695 novum
1219 1654 1278 1716 par
1289 1632 1533 1716 decertantium,

578 1733 611 1796 in
627 1734 769 1797 omnium
785 1732 978 1796 intuentium
992 1744 1154 1817 stuporem
1171 1731 1310 1797 Domino
1325 1737 1531 1817 permittente

580 1834 776 1920 processerit,
793 1834 866 1897 hinc
881 1846 949 1898 tota
964 1843 1067 1897 stante
1082 1832 1235 1905 Ecclesia,
1252 1833 1325 1898 inde
1341 1833 1413 1899 solis
1429 1836 1532 1901 tribus

579 1935 713 2019 flagellis
742 1935 935 2010 arundineis,
960 1934 992 1997 in
1024 1957 1067 2009 se,
1094 1932 1172 1997 dum
1204 1936 1346 1998 scindere
1377 1936 1531 2001 unitatem

580 2037 769 2112 moliuntur,
783 2034 922 2097 divinam
940 2033 1187 2117 provocantibus
1204 2034 1367 2099 ultionem.
1413 2035 1445 2099 Si
1461 2060 1533 2122 per-

581 2159 687 2201 sonam
700 2156 842 2220 personae
852 2134 1006 2210 conferas,
1018 2134 1097 2197 alter
1114 2132 1272 2199 litteratus
1287 2157 1347 2216 est,
1358 2137 1532 2215 modestus,

581 2236 719 2311 humilis,
728 2236 865 2323 justitiae
875 2236 1011 2300 zelator:
1033 2240 1112 2300 alter
1124 2236 1221 2300 solam
1233 2260 1356 2323 semper
1367 2238 1533 2324 amplexus

581 2352 629 2402 est
655 2338 847 2402 vanitatem:
886 2337 911 2400 si
940 2360 1067 2401 causam
1097 2358 1213 2415 causoe,
1239 2339 1320 2402 alter
1345 2339 1476 2423 ingessit
1501 2364 1535 2404 se

581 2452 731 2525 tanquam
747 2439 801 2501 fur
816 2452 848 2501 et
869 2437 949 2502 latro
972 2460 1069 2502 manu
1085 2437 1234 2516 violenta,
1250 2441 1419 2525 exquisitis
1440 2442 1532 2517 dolis,

581 2564 696 2627 sponso
712 2539 907 2624 indignante,
924 2542 956 2603 in
973 2560 1099 2624 sponsas
1120 2543 1288 2624 amplexus
1310 2542 1422 2606 irruit:
1454 2543 1535 2607 alter

580 2655 667 2706 casto
679 2642 801 2727 pudore
812 2642 955 2706 substitit
964 2655 1135 2726 autequam
1147 2641 1403 2725 introduceretur
1413 2668 1433 2708 a
1441 2667 1534 2731 spon-

583 2767 626 2808 sa.
672 2743 768 2808 Unde
791 2742 964 2806 verendum
980 2765 1019 2805 ue
1035 2754 1100 2807 tam
1117 2742 1275 2806 manifesti
1292 2745 1416 2808 sceleris
1435 2745 1535 2810 dilata

582 2843 744 2910 damnatio
755 2867 848 2909 suum
859 2841 1020 2907 schismati
1031 2842 1178 2908 videatur
1187 2843 1328 2929 praebere
1338 2867 1535 2912 consensum.

626 2946 716 3011 Licet
738 2945 887 3009 dominus
904 2944 1142 3009 Cantuariensis
1160 2945 1313 3029 languore
1334 2945 1533 3029 gravissimo,

583 3061 620 3111 ut
635 3048 730 3124 nosti,
741 3059 898 3118 teneatur,
913 3046 1012 3130 hujus
1027 3060 1132 3109 tamen
1148 3050 1334 3111 necessitate
1351 3044 1449 3121 verbi,
1461 3069 1534 3110 con-

584 3147 704 3210 vocatis
719 3146 875 3229 episcopis
886 3157 918 3207 et
934 3144 1020 3208 clero
1036 3145 1134 3208 totius
1149 3147 1251 3229 regni,
1265 3145 1446 3211 Londinum
1462 3170 1535 3233 pro-

583 3257 685 3331 perat,
701 3254 738 3307 ut
753 3245 889 3307 fratrum
905 3255 1078 3307 convocato
1096 3246 1240 3323 concilio,
1256 3248 1334 3332 quid
1354 3249 1439 3312 facto
1453 3272 1535 3334 opus

585 3348 637 3421 sit,
652 3344 780 3408 domino
796 3345 863 3427 regi
885 3366 958 3407 eum
974 3345 1151 3409 consulenti
1173 3346 1338 3431 significet.
1383 3349 1533 3415 Timeba-

585 3470 657 3512 mus
671 3469 711 3509 ne
722 3468 761 3510 ex
774 3468 869 3509 causa
884 3444 1006 3509 itineris
1020 3446 1158 3530 amplius
1172 3462 1377 3531 gravaretur:
1402 3453 1537 3537 ideoque

585 3546 749 3612 Acardum
762 3558 902 3609 vestrum
918 3567 976 3630 per
991 3544 1113 3631 aliquot
1124 3545 1192 3611 dies
1204 3548 1326 3613 detinui
1338 3553 1536 3630 renitentem,

586 3664 621 3714 ut
645 3650 686 3712 de
708 3660 795 3713 statu
816 3645 958 3724 Domini,
975 3646 1044 3733 ipso
1061 3646 1215 3713 referente
1230 3671 1304 3735 quae
1319 3650 1454 3726 viderat,
1470 3674 1537 3714 cer.

584 3751 696 3818 ,tiorari
726 3752 838 3837 possis.
895 3750 948 3814 Ex
979 3772 1045 3835 quo
1073 3762 1178 3813 autem
1209 3750 1354 3815 lecticam
1384 3750 1538 3832 ascendit,

587 3855 789 3939 aliquatenus
804 3851 933 3915 videtur
954 3852 1164 3928 confortatus,
1179 3849 1253 3917 licet
1276 3850 1382 3916 adhuc
1404 3850 1537 3916 nimium

586 3957 773 4019 infestetur:
797 3953 1031 4040 aliquantulum
1047 3953 1209 4018 interdum
1228 3954 1351 4039 quievit
1366 3950 1491 4017 vomica
1505 3967 1537 4020 et

586 4069 699 4142 sponte
713 4055 864 4133 naturali,
877 4056 1027 4142 purgatio
1042 4040 1218 4140 reparatur.
1263 4054 1494 4120 Wintoniensis
1505 4070 1537 4121 et

587 4155 823 4230 Duuelmensis,
842 4169 878 4218 ut
898 4158 999 4235 aiunt,
1015 4158 1041 4220 si
1060 4156 1235 4220 Octaviano
1257 4157 1360 4243 palam
1383 4157 1537 4221 auderent

586 4281 645 4343 pro
661 4267 736 4318 voto
751 4255 930 4339 suffragari,
945 4255 1080 4321 libenter
1095 4257 1245 4323 cederent
1259 4258 1291 4322 in
1310 4274 1434 4344 partem
1449 4260 1535 4343 ejus:

586 4386 604 4426 e
626 4370 736 4424 contra
758 4356 979 4432 Eboracensis‚
1002 4372 1033 4421 et
1062 4358 1279 4426 thesaurarius
1301 4376 1407 4427 noster
1429 4361 1537 4424 fovent

584 4460 660 4528 totis
674 4458 795 4523 viribus
812 4456 1045 4536 Alexandrum,
1061 4481 1123 4524 non
1143 4473 1248 4526 tamen
1273 4462 1332 4529 soli
1355 4475 1440 4538 sunt,
1456 4480 1536 4545 quo·
