<?xml version="1.0" encoding="UTF-8"?>
<!DOCTYPE html PUBLIC "-//W3C//DTD XHTML 1.0 Transitional//EN"
    "http://www.w3.org/TR/xhtml1/DTD/xhtml1-transitional.dtd">
<html xmlns="http://www.w3.org/1999/xhtml" xml:lang="en" lang="en">
 <head>
  <title>
</title>
<meta http-equiv="Content-Type" content="text/html;charset=utf-8" />
  <meta name='ocr-system' content='tesseract 3.04.00' />
  <meta name='ocr-capabilities' content='ocr_page ocr_carea ocr_par ocr_line ocrx_word'/>
</head>
<body>
  <div class='ocr_page' id='page_1' title='image "./joannissaresber01johngoog_0046.png"; bbox 0 0 3875 5725; ppageno 0'>
   <div class='ocr_carea' id='block_1_1' title="bbox 487 767 1453 868">
    <p class='ocr_par' dir='ltr' id='par_1_1' title="bbox 487 767 1453 868">
     <span class='ocr_line' id='line_1_1' title="bbox 487 767 1453 868; baseline 0.003 -17"><span class='ocrx_word' id='word_1_1' title='bbox 487 799 530 867; x_wconf 65' lang='lat'>23</span> <span class='ocrx_word' id='word_1_2' title='bbox 745 807 881 853; x_wconf 63' lang='lat' dir='ltr'>retusus</span> <span class='ocrx_word' id='word_1_3' title='bbox 897 767 1176 852; x_wconf 72' lang='lat' dir='ltr'>sanesnsnreusri</span> <span class='ocrx_word' id='word_1_4' title='bbox 1346 787 1396 868; x_wconf 75' lang='lat' dir='ltr'>[s.</span> <span class='ocrx_word' id='word_1_5' title='bbox 1416 809 1453 854; x_wconf 85' lang='lat' dir='ltr'>n.</span> 
     </span>
    </p>
   </div>
   <div class='ocr_carea' id='block_1_2' title="bbox 487 955 1453 1348">
    <p class='ocr_par' dir='ltr' id='par_1_2' title="bbox 487 955 1453 1348">
     <span class='ocr_line' id='line_1_2' title="bbox 488 955 1453 1043; baseline 0 -17"><span class='ocrx_word' id='word_1_6' title='bbox 488 957 711 1043; x_wconf 58' lang='lat' dir='ltr'>beateaquod</span> <span class='ocrx_word' id='word_1_7' title='bbox 735 961 837 1021; x_wconf 87' lang='lat' dir='ltr'>zelum</span> <span class='ocrx_word' id='word_1_8' title='bbox 858 956 995 1042; x_wconf 73' lang='lat' dir='ltr'>justitiae</span> <span class='ocrx_word' id='word_1_9' title='bbox 1017 955 1100 1020; x_wconf 89' lang='lat' dir='ltr'>inter</span> <span class='ocrx_word' id='word_1_10' title='bbox 1121 955 1273 1020; x_wconf 80' lang='lat' dir='ltr'>barbaros</span> <span class='ocrx_word' id='word_1_11' title='bbox 1288 956 1453 1038; x_wconf 75' lang='lat' dir='ltr'>retinetis,</span> 
     </span>
     <span class='ocr_line' id='line_1_3' title="bbox 487 1057 1451 1145; baseline -0.005 -17"><span class='ocrx_word' id='word_1_12' title='bbox 487 1076 592 1135; x_wconf 79' lang='lat' dir='ltr'>ratum</span> <span class='ocrx_word' id='word_1_13' title='bbox 620 1061 761 1125; x_wconf 90' lang='lat' dir='ltr'>habituri</span> <span class='ocrx_word' id='word_1_14' title='bbox 788 1058 941 1145; x_wconf 92' lang='lat' dir='ltr'>quicquid</span> <span class='ocrx_word' id='word_1_15' title='bbox 968 1057 1142 1123; x_wconf 88' lang='lat' dir='ltr'>secundum</span> <span class='ocrx_word' id='word_1_16' title='bbox 1175 1057 1352 1129; x_wconf 81' lang='lat' dir='ltr'>Dominum</span> <span class='ocrx_word' id='word_1_17' title='bbox 1382 1073 1451 1124; x_wconf 88' lang='lat' dir='ltr'>sta·</span> 
     </span>
     <span class='ocr_line' id='line_1_4' title="bbox 488 1159 1452 1248; baseline -0.006 -19"><span class='ocrx_word' id='word_1_18' title='bbox 488 1163 587 1229; x_wconf 88' lang='lat' dir='ltr'>tuetis</span> <span class='ocrx_word' id='word_1_19' title='bbox 601 1163 632 1226; x_wconf 92' lang='lat' dir='ltr'>in</span> <span class='ocrx_word' id='word_1_20' title='bbox 656 1162 738 1242; x_wconf 89' lang='lat' dir='ltr'>illos,</span> <span class='ocrx_word' id='word_1_21' title='bbox 753 1162 809 1247; x_wconf 90' lang='lat' dir='ltr'>qui</span> <span class='ocrx_word' id='word_1_22' title='bbox 833 1160 1021 1225; x_wconf 86' lang='lat' dir='ltr'>crucifixum</span> <span class='ocrx_word' id='word_1_23' title='bbox 1044 1160 1161 1239; x_wconf 89' lang='lat' dir='ltr'>adhuc,</span> <span class='ocrx_word' id='word_1_24' title='bbox 1177 1160 1234 1248; x_wconf 92' lang='lat' dir='ltr'>qui</span> <span class='ocrx_word' id='word_1_25' title='bbox 1258 1159 1289 1224; x_wconf 90' lang='lat' dir='ltr'>ia</span> <span class='ocrx_word' id='word_1_26' title='bbox 1313 1159 1452 1233; x_wconf 83' lang='lat' dir='ltr'>ecclesia</span> 
     </span>
     <span class='ocr_line' id='line_1_5' title="bbox 488 1263 1006 1348; baseline -0.025 -13"><span class='ocrx_word' id='word_1_27' title='bbox 488 1263 670 1335; x_wconf 74' lang='lat' dir='ltr'>adorandus</span> <span class='ocrx_word' id='word_1_28' title='bbox 686 1277 745 1344; x_wconf 88' lang='lat' dir='ltr'>est,</span> <span class='ocrx_word' id='word_1_29' title='bbox 759 1276 1006 1348; x_wconf 87' lang='lat' dir='ltr'>persequuntur.</span> 
     </span>
    </p>
   </div>
   <div class='ocr_carea' id='block_1_3' title="bbox 780 1515 1146 1584">
    <p class='ocr_par' dir='ltr' id='par_1_3' title="bbox 780 1515 1146 1584">
     <span class='ocr_line' id='line_1_6' title="bbox 780 1515 1146 1584; baseline 0.011 -6"><span class='ocrx_word' id='word_1_30' title='bbox 780 1515 998 1578; x_wconf 84' lang='lat' dir='ltr'><strong>EPISTOLA</strong></span> <span class='ocrx_word' id='word_1_31' title='bbox 1023 1517 1146 1584; x_wconf 81' lang='lat' dir='ltr'>XXVl.</span> 
     </span>
    </p>
   </div>
   <div class='ocr_carea' id='block_1_4' title="bbox 482 1663 1450 4480">
    <p class='ocr_par' dir='ltr' id='par_1_4' title="bbox 482 1663 1450 4480">
     <span class='ocr_line' id='line_1_7' title="bbox 532 1663 1448 1748; baseline -0.003 -11"><span class='ocrx_word' id='word_1_32' title='bbox 532 1674 742 1739; x_wconf 76' lang='lat' dir='ltr'>Annununus</span> <span class='ocrx_word' id='word_1_33' title='bbox 757 1686 855 1740; x_wconf 89' lang='lat' dir='ltr'>eram,</span> <span class='ocrx_word' id='word_1_34' title='bbox 871 1677 972 1748; x_wconf 89' lang='lat' dir='ltr'>pater,</span> <span class='ocrx_word' id='word_1_35' title='bbox 988 1663 1012 1726; x_wconf 90' lang='lat' dir='ltr'>si</span> <span class='ocrx_word' id='word_1_36' title='bbox 1036 1686 1098 1727; x_wconf 91' lang='lat' dir='ltr'>non</span> <span class='ocrx_word' id='word_1_37' title='bbox 1121 1666 1287 1731; x_wconf 87' lang='lat' dir='ltr'>conatibus</span> <span class='ocrx_word' id='word_1_38' title='bbox 1310 1669 1392 1732; x_wconf 90' lang='lat' dir='ltr'>meis</span> <span class='ocrx_word' id='word_1_39' title='bbox 1413 1671 1448 1734; x_wconf 91' lang='lat' dir='ltr'>in</span> 
     </span>
     <span class='ocr_line' id='line_1_8' title="bbox 487 1765 1448 1855; baseline -0.003 -18"><span class='ocrx_word' id='word_1_40' title='bbox 487 1771 674 1836; x_wconf 84' lang='lat' dir='ltr'><strong>executione</strong></span> <span class='ocrx_word' id='word_1_41' title='bbox 707 1767 846 1833; x_wconf 84' lang='lat' dir='ltr'>mandati</span> <span class='ocrx_word' id='word_1_42' title='bbox 878 1765 973 1829; x_wconf 88' lang='lat' dir='ltr'>vestri</span> <span class='ocrx_word' id='word_1_43' title='bbox 1007 1766 1173 1830; x_wconf 81' lang='lat' dir='ltr'>necessitas</span> <span class='ocrx_word' id='word_1_44' title='bbox 1202 1767 1312 1853; x_wconf 87' lang='lat' dir='ltr'>potius</span> <span class='ocrx_word' id='word_1_45' title='bbox 1342 1792 1448 1855; x_wconf 90' lang='lat' dir='ltr'>quam</span> 
     </span>
     <span class='ocr_line' id='line_1_9' title="bbox 487 1867 1448 1961; baseline -0.005 -23"><span class='ocrx_word' id='word_1_46' title='bbox 487 1875 681 1961; x_wconf 83' lang='lat' dir='ltr'>negligentia</span> <span class='ocrx_word' id='word_1_47' title='bbox 697 1870 888 1935; x_wconf 82' lang='lat' dir='ltr'><strong>obstetisset.</strong></span> <span class='ocrx_word' id='word_1_48' title='bbox 934 1871 1024 1951; x_wconf 87' lang='lat' dir='ltr'>Ergo</span> <span class='ocrx_word' id='word_1_49' title='bbox 1044 1867 1122 1950; x_wconf 90' lang='lat' dir='ltr'>quia</span> <span class='ocrx_word' id='word_1_50' title='bbox 1146 1869 1341 1953; x_wconf 80' lang='lat' dir='ltr'>Magistrum</span> <span class='ocrx_word' id='word_1_51' title='bbox 1362 1872 1448 1936; x_wconf 89' lang='lat' dir='ltr'>Wil-</span> 
     </span>
     <span class='ocr_line' id='line_1_10' title="bbox 487 1967 1450 2057; baseline -0.004 -18"><span class='ocrx_word' id='word_1_52' title='bbox 487 1975 628 2049; x_wconf 89' lang='lat' dir='ltr'>lelmum,</span> <span class='ocrx_word' id='word_1_53' title='bbox 639 1997 677 2036; x_wconf 87' lang='lat' dir='ltr'>ex</span> <span class='ocrx_word' id='word_1_54' title='bbox 691 1995 757 2057; x_wconf 90' lang='lat' dir='ltr'>quo</span> <span class='ocrx_word' id='word_1_55' title='bbox 768 1995 787 2033; x_wconf 92' lang='lat' dir='ltr'>a</span> <span class='ocrx_word' id='word_1_56' title='bbox 798 1970 887 2032; x_wconf 85' lang='lat' dir='ltr'>robis</span> <span class='ocrx_word' id='word_1_57' title='bbox 897 1969 1038 2047; x_wconf 83' lang='lat' dir='ltr'>discessi,</span> <span class='ocrx_word' id='word_1_58' title='bbox 1048 1967 1155 2031; x_wconf 87' lang='lat' dir='ltr'>videre</span> <span class='ocrx_word' id='word_1_59' title='bbox 1168 1993 1230 2034; x_wconf 90' lang='lat' dir='ltr'>non</span> <span class='ocrx_word' id='word_1_60' title='bbox 1239 1972 1345 2056; x_wconf 92' lang='lat' dir='ltr'>potui,</span> <span class='ocrx_word' id='word_1_61' title='bbox 1355 1984 1450 2037; x_wconf 87' lang='lat' dir='ltr'>ante-</span> 
     </span>
     <span class='ocr_line' id='line_1_11' title="bbox 488 2069 1444 2160; baseline 0 -22"><span class='ocrx_word' id='word_1_62' title='bbox 488 2097 583 2160; x_wconf 83' lang='lat' dir='ltr'><strong>quam</strong></span> <span class='ocrx_word' id='word_1_63' title='bbox 601 2073 674 2136; x_wconf 87' lang='lat' dir='ltr'>visis</span> <span class='ocrx_word' id='word_1_64' title='bbox 690 2072 804 2135; x_wconf 86' lang='lat' dir='ltr'>litteris</span> <span class='ocrx_word' id='word_1_65' title='bbox 820 2070 931 2134; x_wconf 85' lang='lat' dir='ltr'>vestris</span> <span class='ocrx_word' id='word_1_66' title='bbox 947 2073 1052 2154; x_wconf 92' lang='lat' dir='ltr'>ipsum</span> <span class='ocrx_word' id='word_1_67' title='bbox 1069 2070 1109 2132; x_wconf 90' lang='lat' dir='ltr'>ad</span> <span class='ocrx_word' id='word_1_68' title='bbox 1126 2069 1209 2136; x_wconf 92' lang='lat' dir='ltr'>dom.</span> <span class='ocrx_word' id='word_1_69' title='bbox 1229 2079 1267 2137; x_wconf 84' lang='lat' dir='ltr'>A.</span> <span class='ocrx_word' id='word_1_70' title='bbox 1283 2095 1342 2157; x_wconf 88' lang='lat' dir='ltr'>per</span> <span class='ocrx_word' id='word_1_71' title='bbox 1355 2073 1444 2140; x_wconf 88' lang='lat' dir='ltr'>dom.</span> 
     </span>
     <span class='ocr_line' id='line_1_12' title="bbox 486 2171 1445 2260; baseline 0.001 -23"><span class='ocrx_word' id='word_1_72' title='bbox 486 2175 756 2260; x_wconf 87' lang='lat' dir='ltr'>archiepiscopum</span> <span class='ocrx_word' id='word_1_73' title='bbox 773 2171 813 2234; x_wconf 91' lang='lat' dir='ltr'>ad</span> <span class='ocrx_word' id='word_1_74' title='bbox 830 2171 1044 2255; x_wconf 82' lang='lat' dir='ltr'>impetrandas</span> <span class='ocrx_word' id='word_1_75' title='bbox 1062 2171 1206 2236; x_wconf 80' lang='lat' dir='ltr'>inducias</span> <span class='ocrx_word' id='word_1_76' title='bbox 1221 2173 1351 2238; x_wconf 82' lang='lat' dir='ltr'>fecerim</span> <span class='ocrx_word' id='word_1_77' title='bbox 1369 2199 1445 2239; x_wconf 84' lang='lat' dir='ltr'>evo·</span> 
     </span>
     <span class='ocr_line' id='line_1_13' title="bbox 488 2272 1446 2361; baseline 0.002 -23"><span class='ocrx_word' id='word_1_78' title='bbox 488 2276 562 2338; x_wconf 89' lang='lat' dir='ltr'>cari.</span> <span class='ocrx_word' id='word_1_79' title='bbox 608 2273 780 2339; x_wconf 89' lang='lat' dir='ltr'>Laboravit</span> <span class='ocrx_word' id='word_1_80' title='bbox 802 2272 842 2335; x_wconf 90' lang='lat' dir='ltr'>ad</span> <span class='ocrx_word' id='word_1_81' title='bbox 866 2273 933 2335; x_wconf 75' lang='lat' dir='ltr'>haec</span> <span class='ocrx_word' id='word_1_82' title='bbox 956 2273 1223 2360; x_wconf 86' lang='lat' dir='ltr'>archiepiscopus,</span> <span class='ocrx_word' id='word_1_83' title='bbox 1244 2289 1275 2340; x_wconf 91' lang='lat' dir='ltr'>et</span> <span class='ocrx_word' id='word_1_84' title='bbox 1301 2299 1364 2361; x_wconf 86' lang='lat' dir='ltr'>ego</span> <span class='ocrx_word' id='word_1_85' title='bbox 1386 2277 1446 2340; x_wconf 91' lang='lat' dir='ltr'>ad-</span> 
     </span>
     <span class='ocr_line' id='line_1_14' title="bbox 486 2374 1445 2458; baseline 0 -14"><span class='ocrx_word' id='word_1_86' title='bbox 486 2376 596 2444; x_wconf 88' lang='lat' dir='ltr'>hibitis</span> <span class='ocrx_word' id='word_1_87' title='bbox 607 2377 698 2440; x_wconf 87' lang='lat' dir='ltr'>sociis</span> <span class='ocrx_word' id='word_1_88' title='bbox 710 2374 861 2450; x_wconf 88' lang='lat' dir='ltr'>laborari,</span> <span class='ocrx_word' id='word_1_89' title='bbox 874 2375 927 2437; x_wconf 92' lang='lat' dir='ltr'>sed</span> <span class='ocrx_word' id='word_1_90' title='bbox 942 2397 1002 2437; x_wconf 91' lang='lat' dir='ltr'>non</span> <span class='ocrx_word' id='word_1_91' title='bbox 1019 2374 1114 2458; x_wconf 91' lang='lat' dir='ltr'>periit</span> <span class='ocrx_word' id='word_1_92' title='bbox 1126 2376 1160 2438; x_wconf 90' lang='lat' dir='ltr'>in</span> <span class='ocrx_word' id='word_1_93' title='bbox 1171 2399 1209 2440; x_wconf 88' lang='lat' dir='ltr'>eo</span> <span class='ocrx_word' id='word_1_94' title='bbox 1221 2376 1310 2440; x_wconf 89' lang='lat' dir='ltr'>labor</span> <span class='ocrx_word' id='word_1_95' title='bbox 1326 2393 1445 2444; x_wconf 87' lang='lat' dir='ltr'>noster.</span> 
     </span>
     <span class='ocr_line' id='line_1_15' title="bbox 489 2476 1446 2566; baseline 0.001 -24"><span class='ocrx_word' id='word_1_96' title='bbox 489 2478 602 2542; x_wconf 88' lang='lat' dir='ltr'>Veniet</span> <span class='ocrx_word' id='word_1_97' title='bbox 625 2478 732 2564; x_wconf 88' lang='lat' dir='ltr'>itaque</span> <span class='ocrx_word' id='word_1_98' title='bbox 754 2477 794 2540; x_wconf 90' lang='lat' dir='ltr'>ad</span> <span class='ocrx_word' id='word_1_99' title='bbox 822 2476 906 2539; x_wconf 89' lang='lat' dir='ltr'>diem</span> <span class='ocrx_word' id='word_1_100' title='bbox 930 2476 990 2540; x_wconf 85' lang='lat' dir='ltr'>sibi</span> <span class='ocrx_word' id='word_1_101' title='bbox 1017 2477 1199 2561; x_wconf 80' lang='lat' dir='ltr'>praefixum,</span> <span class='ocrx_word' id='word_1_102' title='bbox 1221 2492 1253 2543; x_wconf 85' lang='lat' dir='ltr'>et</span> <span class='ocrx_word' id='word_1_103' title='bbox 1276 2479 1361 2543; x_wconf 85' lang='lat' dir='ltr'>forte</span> <span class='ocrx_word' id='word_1_104' title='bbox 1388 2481 1446 2566; x_wconf 94' lang='lat' dir='ltr'>qui</span> 
     </span>
     <span class='ocr_line' id='line_1_16' title="bbox 486 2577 1445 2665; baseline 0.004 -24"><span class='ocrx_word' id='word_1_105' title='bbox 486 2591 611 2645; x_wconf 84' lang='lat' dir='ltr'>nostras</span> <span class='ocrx_word' id='word_1_106' title='bbox 637 2579 839 2665; x_wconf 85' lang='lat' dir='ltr'>contempsit,</span> <span class='ocrx_word' id='word_1_107' title='bbox 863 2577 888 2640; x_wconf 90' lang='lat' dir='ltr'>si</span> <span class='ocrx_word' id='word_1_108' title='bbox 915 2592 1019 2641; x_wconf 90' lang='lat' dir='ltr'>tamen</span> <span class='ocrx_word' id='word_1_109' title='bbox 1048 2601 1172 2643; x_wconf 87' lang='lat' dir='ltr'>necesse</span> <span class='ocrx_word' id='word_1_110' title='bbox 1196 2579 1305 2654; x_wconf 84' lang='lat' dir='ltr'>fuerit,</span> <span class='ocrx_word' id='word_1_111' title='bbox 1333 2602 1445 2665; x_wconf 84' lang='lat' dir='ltr'>preces</span> 
     </span>
     <span class='ocr_line' id='line_1_17' title="bbox 488 2680 1446 2765; baseline 0.003 -21"><span class='ocrx_word' id='word_1_112' title='bbox 488 2693 611 2745; x_wconf 85' lang='lat' dir='ltr'>nostras</span> <span class='ocrx_word' id='word_1_113' title='bbox 623 2680 781 2745; x_wconf 88' lang='lat' dir='ltr'>admittet.</span> <span class='ocrx_word' id='word_1_114' title='bbox 805 2682 1019 2745; x_wconf 88' lang='lat' dir='ltr'>Convenimus</span> <span class='ocrx_word' id='word_1_115' title='bbox 1031 2702 1126 2764; x_wconf 90' lang='lat' dir='ltr'>super</span> <span class='ocrx_word' id='word_1_116' title='bbox 1137 2685 1265 2765; x_wconf 85' lang='lat' dir='ltr'>negotio</span> <span class='ocrx_word' id='word_1_117' title='bbox 1276 2681 1446 2748; x_wconf 90' lang='lat' dir='ltr'>dominum</span> 
     </span>
     <span class='ocr_line' id='line_1_18' title="bbox 489 2781 1446 2871; baseline 0.001 -23"><span class='ocrx_word' id='word_1_118' title='bbox 489 2784 730 2866; x_wconf 87' lang='lat' dir='ltr'>Cicestrensem,</span> <span class='ocrx_word' id='word_1_119' title='bbox 753 2782 955 2870; x_wconf 83' lang='lat' dir='ltr'>explorantes</span> <span class='ocrx_word' id='word_1_120' title='bbox 981 2781 1120 2847; x_wconf 88' lang='lat' dir='ltr'>animum</span> <span class='ocrx_word' id='word_1_121' title='bbox 1148 2783 1218 2869; x_wconf 86' lang='lat' dir='ltr'>ejus</span> <span class='ocrx_word' id='word_1_122' title='bbox 1243 2805 1341 2870; x_wconf 89' lang='lat' dir='ltr'>quem</span> <span class='ocrx_word' id='word_1_123' title='bbox 1369 2807 1446 2871; x_wconf 89' lang='lat' dir='ltr'>pro-</span> 
     </span>
     <span class='ocr_line' id='line_1_19' title="bbox 486 2884 1446 2970; baseline -0.001 -20"><span class='ocrx_word' id='word_1_124' title='bbox 486 2884 640 2950; x_wconf 89' lang='lat' dir='ltr'>culdubio</span> <span class='ocrx_word' id='word_1_125' title='bbox 661 2889 693 2952; x_wconf 90' lang='lat' dir='ltr'>in</span> <span class='ocrx_word' id='word_1_126' title='bbox 717 2888 776 2961; x_wconf 89' lang='lat' dir='ltr'>hac</span> <span class='ocrx_word' id='word_1_127' title='bbox 802 2910 836 2950; x_wconf 89' lang='lat' dir='ltr'>re</span> <span class='ocrx_word' id='word_1_128' title='bbox 863 2886 974 2960; x_wconf 86' lang='lat' dir='ltr'>timere</span> <span class='ocrx_word' id='word_1_129' title='bbox 996 2906 1060 2947; x_wconf 91' lang='lat' dir='ltr'>non</span> <span class='ocrx_word' id='word_1_130' title='bbox 1087 2897 1226 2970; x_wconf 90' lang='lat' dir='ltr'>oportet,</span> <span class='ocrx_word' id='word_1_131' title='bbox 1247 2886 1325 2970; x_wconf 87' lang='lat' dir='ltr'>quia</span> <span class='ocrx_word' id='word_1_132' title='bbox 1350 2888 1446 2951; x_wconf 89' lang='lat' dir='ltr'>nobis</span> 
     </span>
     <span class='ocr_line' id='line_1_20' title="bbox 482 2986 1443 3073; baseline 0.001 -23"><span class='ocrx_word' id='word_1_133' title='bbox 482 2988 694 3073; x_wconf 87' lang='lat' dir='ltr'>jurejurando</span> <span class='ocrx_word' id='word_1_134' title='bbox 722 2988 872 3061; x_wconf 85' lang='lat' dir='ltr'>firmavit,</span> <span class='ocrx_word' id='word_1_135' title='bbox 899 2986 986 3069; x_wconf 88' lang='lat' dir='ltr'>quod</span> <span class='ocrx_word' id='word_1_136' title='bbox 1015 2987 1086 3050; x_wconf 90' lang='lat' dir='ltr'>licet</span> <span class='ocrx_word' id='word_1_137' title='bbox 1116 2986 1174 3049; x_wconf 92' lang='lat' dir='ltr'>sibi</span> <span class='ocrx_word' id='word_1_138' title='bbox 1203 2987 1263 3073; x_wconf 91' lang='lat' dir='ltr'>ipsi</span> <span class='ocrx_word' id='word_1_139' title='bbox 1294 3009 1443 3072; x_wconf 88' lang='lat' dir='ltr'>magnam</span> 
     </span>
     <span class='ocr_line' id='line_1_21' title="bbox 486 3086 1442 3170; baseline 0.003 -20"><span class='ocrx_word' id='word_1_140' title='bbox 486 3087 670 3166; x_wconf 81' lang='lat' dir='ltr'>irrogaretis</span> <span class='ocrx_word' id='word_1_141' title='bbox 684 3087 845 3170; x_wconf 89' lang='lat' dir='ltr'>injuriam,</span> <span class='ocrx_word' id='word_1_142' title='bbox 860 3086 979 3148; x_wconf 87' lang='lat' dir='ltr'>nullam</span> <span class='ocrx_word' id='word_1_143' title='bbox 1004 3087 1062 3149; x_wconf 90' lang='lat' dir='ltr'>sibi</span> <span class='ocrx_word' id='word_1_144' title='bbox 1079 3086 1172 3159; x_wconf 85' lang='lat' dir='ltr'>vellet</span> <span class='ocrx_word' id='word_1_145' title='bbox 1189 3088 1256 3151; x_wconf 87' lang='lat' dir='ltr'>fieri</span> <span class='ocrx_word' id='word_1_146' title='bbox 1274 3087 1442 3163; x_wconf 85' lang='lat' dir='ltr'>ultionem,</span> 
     </span>
     <span class='ocr_line' id='line_1_22' title="bbox 487 3182 1444 3267; baseline 0.008 -20"><span class='ocrx_word' id='word_1_147' title='bbox 487 3184 549 3247; x_wconf 90' lang='lat' dir='ltr'>nisi</span> <span class='ocrx_word' id='word_1_148' title='bbox 564 3182 643 3244; x_wconf 90' lang='lat' dir='ltr'>adeo</span> <span class='ocrx_word' id='word_1_149' title='bbox 657 3187 794 3247; x_wconf 90' lang='lat' dir='ltr'>enonnis</span> <span class='ocrx_word' id='word_1_150' title='bbox 805 3197 896 3258; x_wconf 89' lang='lat' dir='ltr'>esset,</span> <span class='ocrx_word' id='word_1_151' title='bbox 909 3186 996 3267; x_wconf 92' lang='lat' dir='ltr'>quod</span> <span class='ocrx_word' id='word_1_152' title='bbox 1013 3187 1099 3249; x_wconf 89' lang='lat' dir='ltr'>salvo</span> <span class='ocrx_word' id='word_1_153' title='bbox 1116 3188 1234 3252; x_wconf 89' lang='lat' dir='ltr'>honore</span> <span class='ocrx_word' id='word_1_154' title='bbox 1245 3190 1444 3259; x_wconf 87' lang='lat' dir='ltr'>dissimulari</span> 
     </span>
     <span class='ocr_line' id='line_1_23' title="bbox 487 3285 1445 3369; baseline 0.011 -22"><span class='ocrx_word' id='word_1_155' title='bbox 487 3304 551 3347; x_wconf 93' lang='lat' dir='ltr'>non</span> <span class='ocrx_word' id='word_1_156' title='bbox 582 3296 696 3367; x_wconf 87' lang='lat' dir='ltr'>posset.</span> <span class='ocrx_word' id='word_1_157' title='bbox 743 3286 843 3349; x_wconf 90' lang='lat' dir='ltr'>Novit</span> <span class='ocrx_word' id='word_1_158' title='bbox 872 3285 955 3347; x_wconf 88' lang='lat' dir='ltr'>enim</span> <span class='ocrx_word' id='word_1_159' title='bbox 987 3286 1197 3352; x_wconf 90' lang='lat' dir='ltr'>innocentiam</span> <span class='ocrx_word' id='word_1_160' title='bbox 1229 3304 1380 3369; x_wconf 88' lang='lat' dir='ltr'>vestram,</span> <span class='ocrx_word' id='word_1_161' title='bbox 1410 3306 1445 3360; x_wconf 87' lang='lat' dir='ltr'>et</span> 
     </span>
     <span class='ocr_line' id='line_1_24' title="bbox 487 3383 1444 3478; baseline 0.015 -33"><span class='ocrx_word' id='word_1_162' title='bbox 487 3403 583 3470; x_wconf 90' lang='lat' dir='ltr'>quem</span> <span class='ocrx_word' id='word_1_163' title='bbox 614 3383 646 3444; x_wconf 91' lang='lat' dir='ltr'>in</span> <span class='ocrx_word' id='word_1_164' title='bbox 678 3408 710 3448; x_wconf 89' lang='lat' dir='ltr'>se</span> <span class='ocrx_word' id='word_1_165' title='bbox 741 3386 882 3449; x_wconf 89' lang='lat' dir='ltr'>habeatis</span> <span class='ocrx_word' id='word_1_166' title='bbox 909 3385 1068 3451; x_wconf 87' lang='lat' dir='ltr'>affectum.</span> <span class='ocrx_word' id='word_1_167' title='bbox 1118 3389 1274 3477; x_wconf 80' lang='lat' dir='ltr'>Praecepit</span> <span class='ocrx_word' id='word_1_168' title='bbox 1300 3416 1378 3478; x_wconf 88' lang='lat' dir='ltr'>ergo</span> <span class='ocrx_word' id='word_1_169' title='bbox 1406 3406 1444 3459; x_wconf 84' lang='lat' dir='ltr'>ut</span> 
     </span>
     <span class='ocr_line' id='line_1_25' title="bbox 486 3482 1445 3572; baseline 0.013 -23"><span class='ocrx_word' id='word_1_170' title='bbox 486 3482 578 3549; x_wconf 86' lang='lat' dir='ltr'>vobis</span> <span class='ocrx_word' id='word_1_171' title='bbox 589 3484 755 3549; x_wconf 85' lang='lat' dir='ltr'>scriberem</span> <span class='ocrx_word' id='word_1_172' title='bbox 768 3488 827 3550; x_wconf 87' lang='lat' dir='ltr'>sibi</span> <span class='ocrx_word' id='word_1_173' title='bbox 840 3510 901 3549; x_wconf 93' lang='lat' dir='ltr'>non</span> <span class='ocrx_word' id='word_1_174' title='bbox 914 3487 1092 3572; x_wconf 85' lang='lat' dir='ltr'>displicere,</span> <span class='ocrx_word' id='word_1_175' title='bbox 1104 3490 1128 3554; x_wconf 90' lang='lat' dir='ltr'>si</span> <span class='ocrx_word' id='word_1_176' title='bbox 1141 3494 1327 3558; x_wconf 90' lang='lat' dir='ltr'>mandatum</span> <span class='ocrx_word' id='word_1_177' title='bbox 1339 3495 1445 3561; x_wconf 88' lang='lat' dir='ltr'>domi·</span> 
     </span>
     <span class='ocr_line' id='line_1_26' title="bbox 485 3586 1445 3680; baseline 0.01 -29"><span class='ocrx_word' id='word_1_178' title='bbox 485 3588 521 3651; x_wconf 89' lang='lat' dir='ltr'>ni</span> <span class='ocrx_word' id='word_1_179' title='bbox 536 3607 627 3669; x_wconf 84' lang='lat' dir='ltr'>papae</span> <span class='ocrx_word' id='word_1_180' title='bbox 643 3586 682 3649; x_wconf 89' lang='lat' dir='ltr'>ad</span> <span class='ocrx_word' id='word_1_181' title='bbox 699 3609 839 3669; x_wconf 83' lang='lat' dir='ltr'>unguem</span> <span class='ocrx_word' id='word_1_182' title='bbox 856 3586 1060 3671; x_wconf 83' lang='lat' dir='ltr'>exequimini.</span> <span class='ocrx_word' id='word_1_183' title='bbox 1108 3592 1172 3655; x_wconf 86' lang='lat' dir='ltr'>Scit</span> <span class='ocrx_word' id='word_1_184' title='bbox 1184 3594 1279 3658; x_wconf 89' lang='lat' dir='ltr'>etiam</span> <span class='ocrx_word' id='word_1_185' title='bbox 1295 3597 1374 3680; x_wconf 89' lang='lat' dir='ltr'>quia</span> <span class='ocrx_word' id='word_1_186' title='bbox 1390 3613 1445 3669; x_wconf 79' lang='lat' dir='ltr'>ne&#39;-</span> 
     </span>
     <span class='ocr_line' id='line_1_27' title="bbox 486 3685 1442 3780; baseline 0.005 -26"><span class='ocrx_word' id='word_1_187' title='bbox 486 3708 573 3754; x_wconf 92' lang='lat' dir='ltr'>cesse</span> <span class='ocrx_word' id='word_1_188' title='bbox 588 3698 635 3749; x_wconf 88' lang='lat' dir='ltr'>est</span> <span class='ocrx_word' id='word_1_189' title='bbox 651 3685 740 3749; x_wconf 89' lang='lat' dir='ltr'>vobis</span> <span class='ocrx_word' id='word_1_190' title='bbox 755 3699 792 3750; x_wconf 92' lang='lat' dir='ltr'>ut</span> <span class='ocrx_word' id='word_1_191' title='bbox 807 3688 887 3751; x_wconf 92' lang='lat' dir='ltr'>illud</span> <span class='ocrx_word' id='word_1_192' title='bbox 904 3687 1073 3772; x_wconf 89' lang='lat' dir='ltr'>impleatis.</span> <span class='ocrx_word' id='word_1_193' title='bbox 1119 3692 1232 3755; x_wconf 91' lang='lat' dir='ltr'>Vestro</span> <span class='ocrx_word' id='word_1_194' title='bbox 1247 3716 1381 3780; x_wconf 86' lang='lat' dir='ltr'>quoque</span> <span class='ocrx_word' id='word_1_195' title='bbox 1398 3699 1442 3763; x_wconf 82' lang='lat' dir='ltr'>A.</span> 
     </span>
     <span class='ocr_line' id='line_1_28' title="bbox 484 3787 1443 3881; baseline 0.009 -27"><span class='ocrx_word' id='word_1_196' title='bbox 484 3787 577 3862; x_wconf 85' lang='lat' dir='ltr'>dedit</span> <span class='ocrx_word' id='word_1_197' title='bbox 593 3787 623 3851; x_wconf 93' lang='lat' dir='ltr'>in</span> <span class='ocrx_word' id='word_1_198' title='bbox 636 3789 793 3854; x_wconf 89' lang='lat' dir='ltr'>mandatis</span> <span class='ocrx_word' id='word_1_199' title='bbox 805 3803 840 3855; x_wconf 89' lang='lat' dir='ltr'>ut</span> <span class='ocrx_word' id='word_1_200' title='bbox 855 3789 943 3853; x_wconf 89' lang='lat' dir='ltr'>vobis</span> <span class='ocrx_word' id='word_1_201' title='bbox 955 3790 1052 3866; x_wconf 87' lang='lat' dir='ltr'>dicat,</span> <span class='ocrx_word' id='word_1_202' title='bbox 1065 3805 1223 3877; x_wconf 88' lang='lat' dir='ltr'>quatenus</span> <span class='ocrx_word' id='word_1_203' title='bbox 1240 3797 1359 3881; x_wconf 87' lang='lat' dir='ltr'>scripto</span> <span class='ocrx_word' id='word_1_204' title='bbox 1370 3821 1443 3863; x_wconf 89' lang='lat' dir='ltr'>meo</span> 
     </span>
     <span class='ocr_line' id='line_1_29' title="bbox 483 3887 1444 3976; baseline 0.011 -23"><span class='ocrx_word' id='word_1_205' title='bbox 483 3887 633 3958; x_wconf 76' lang='lat' dir='ltr'>credatis.</span> <span class='ocrx_word' id='word_1_206' title='bbox 681 3890 775 3955; x_wconf 86' lang='lat' dir='ltr'>Scitis</span> <span class='ocrx_word' id='word_1_207' title='bbox 791 3894 872 3956; x_wconf 86' lang='lat' dir='ltr'>sorte</span> <span class='ocrx_word' id='word_1_208' title='bbox 888 3914 988 3976; x_wconf 88' lang='lat' dir='ltr'>quare</span> <span class='ocrx_word' id='word_1_209' title='bbox 1005 3891 1107 3975; x_wconf 90' lang='lat' dir='ltr'>ipsum</span> <span class='ocrx_word' id='word_1_210' title='bbox 1125 3893 1184 3954; x_wconf 91' lang='lat' dir='ltr'>hoc</span> <span class='ocrx_word' id='word_1_211' title='bbox 1200 3893 1282 3965; x_wconf 83' lang='lat' dir='ltr'>idem</span> <span class='ocrx_word' id='word_1_212' title='bbox 1305 3898 1444 3963; x_wconf 89' lang='lat' dir='ltr'>scribere</span> 
     </span>
     <span class='ocr_line' id='line_1_30' title="bbox 486 3982 1443 4073; baseline 0.021 -29"><span class='ocrx_word' id='word_1_213' title='bbox 486 4006 550 4067; x_wconf 74' lang='lat' dir='ltr'>non</span> <span class='ocrx_word' id='word_1_214' title='bbox 577 3982 728 4048; x_wconf 90' lang='lat' dir='ltr'>decuerit.</span> <span class='ocrx_word' id='word_1_215' title='bbox 775 3991 847 4051; x_wconf 91' lang='lat' dir='ltr'>Hoc</span> <span class='ocrx_word' id='word_1_216' title='bbox 877 3989 1007 4073; x_wconf 87' lang='lat' dir='ltr'>quidem</span> <span class='ocrx_word' id='word_1_217' title='bbox 1037 3990 1105 4053; x_wconf 90' lang='lat' dir='ltr'>vult</span> <span class='ocrx_word' id='word_1_218' title='bbox 1132 3990 1242 4053; x_wconf 87' lang='lat' dir='ltr'>haberi</span> <span class='ocrx_word' id='word_1_219' title='bbox 1273 4010 1443 4066; x_wconf 89' lang='lat' dir='ltr'>secretum.</span> 
     </span>
     <span class='ocr_line' id='line_1_31' title="bbox 487 4084 1442 4175; baseline 0.015 -27"><span class='ocrx_word' id='word_1_220' title='bbox 487 4093 526 4153; x_wconf 90' lang='lat' dir='ltr'>In</span> <span class='ocrx_word' id='word_1_221' title='bbox 538 4084 620 4148; x_wconf 85' lang='lat' dir='ltr'>festo</span> <span class='ocrx_word' id='word_1_222' title='bbox 633 4084 845 4167; x_wconf 87' lang='lat' dir='ltr'>Magdalenae,</span> <span class='ocrx_word' id='word_1_223' title='bbox 855 4088 895 4149; x_wconf 89' lang='lat' dir='ltr'>de</span> <span class='ocrx_word' id='word_1_224' title='bbox 906 4090 1106 4169; x_wconf 88' lang='lat' dir='ltr'>pertinentiis</span> <span class='ocrx_word' id='word_1_225' title='bbox 1116 4092 1255 4157; x_wconf 76' lang='lat' dir='ltr'>ecclesiae</span> <span class='ocrx_word' id='word_1_226' title='bbox 1265 4094 1305 4159; x_wconf 90' lang='lat' dir='ltr'>de</span> <span class='ocrx_word' id='word_1_227' title='bbox 1316 4098 1442 4175; x_wconf 90' lang='lat' dir='ltr'>Celcra,</span> 
     </span>
     <span class='ocr_line' id='line_1_32' title="bbox 484 4183 1442 4284; baseline 0.02 -39"><span class='ocrx_word' id='word_1_228' title='bbox 484 4210 560 4280; x_wconf 77' lang='lat' dir='ltr'>quae</span> <span class='ocrx_word' id='word_1_229' title='bbox 572 4183 611 4246; x_wconf 87' lang='lat' dir='ltr'>ad</span> <span class='ocrx_word' id='word_1_230' title='bbox 624 4183 678 4268; x_wconf 89' lang='lat' dir='ltr'>jus</span> <span class='ocrx_word' id='word_1_231' title='bbox 690 4196 830 4249; x_wconf 87' lang='lat' dir='ltr'>vestrum</span> <span class='ocrx_word' id='word_1_232' title='bbox 845 4188 995 4269; x_wconf 89' lang='lat' dir='ltr'>pertinet,</span> <span class='ocrx_word' id='word_1_233' title='bbox 1008 4201 1080 4252; x_wconf 87' lang='lat' dir='ltr'>ante</span> <span class='ocrx_word' id='word_1_234' title='bbox 1092 4190 1256 4256; x_wconf 92' lang='lat' dir='ltr'>dominum</span> <span class='ocrx_word' id='word_1_235' title='bbox 1270 4197 1442 4284; x_wconf 85' lang='lat' dir='ltr'>archiepis-</span> 
     </span>
     <span class='ocr_line' id='line_1_33' title="bbox 484 4284 1442 4381; baseline 0.01 -28"><span class='ocrx_word' id='word_1_236' title='bbox 484 4309 601 4381; x_wconf 68' lang='lat' dir='ltr'>copum</span> <span class='ocrx_word' id='word_1_237' title='bbox 618 4284 806 4367; x_wconf 86' lang='lat' dir='ltr'>litigabitur.</span> <span class='ocrx_word' id='word_1_238' title='bbox 852 4286 992 4349; x_wconf 88' lang='lat' dir='ltr'>Consulo</span> <span class='ocrx_word' id='word_1_239' title='bbox 1016 4302 1052 4351; x_wconf 93' lang='lat' dir='ltr'>ut</span> <span class='ocrx_word' id='word_1_240' title='bbox 1071 4290 1140 4376; x_wconf 88' lang='lat' dir='ltr'>ipsa</span> <span class='ocrx_word' id='word_1_241' title='bbox 1163 4293 1215 4356; x_wconf 89' lang='lat' dir='ltr'>die</span> <span class='ocrx_word' id='word_1_242' title='bbox 1238 4294 1356 4381; x_wconf 90' lang='lat' dir='ltr'>aliquis</span> <span class='ocrx_word' id='word_1_243' title='bbox 1373 4324 1442 4363; x_wconf 83' lang='lat' dir='ltr'>ves·</span> 
     </span>
     <span class='ocr_line' id='line_1_34' title="bbox 485 4386 1440 4480; baseline 0.01 -23"><span class='ocrx_word' id='word_1_244' title='bbox 485 4410 607 4480; x_wconf 71' lang='lat' dir='ltr'>¹trorum</span> <span class='ocrx_word' id='word_1_245' title='bbox 623 4387 718 4467; x_wconf 89' lang='lat' dir='ltr'>adsit,</span> <span class='ocrx_word' id='word_1_246' title='bbox 734 4386 836 4451; x_wconf 83' lang='lat' dir='ltr'>saltim</span> <span class='ocrx_word' id='word_1_247' title='bbox 853 4411 963 4453; x_wconf 87' lang='lat' dir='ltr'>cursor</span> <span class='ocrx_word' id='word_1_248' title='bbox 983 4412 1055 4453; x_wconf 89' lang='lat' dir='ltr'>cum</span> <span class='ocrx_word' id='word_1_249' title='bbox 1079 4394 1238 4479; x_wconf 87' lang='lat' dir='ltr'>rescriptis</span> <span class='ocrx_word' id='word_1_250' title='bbox 1257 4404 1440 4466; x_wconf 90' lang='lat' dir='ltr'>munimen·</span> 
     </span>
    </p>
   </div>
   <div class='ocr_carea' id='block_1_5' title="bbox 0 0 1942 5725">
    <p class='ocr_par' dir='ltr' id='par_1_5' title="bbox 0 0 1942 5725">
     <span class='ocr_line' id='line_1_35' title="bbox 0 0 1942 5725; baseline 0 2"><span class='ocrx_word' id='word_1_251' title='bbox 0 0 1942 5725; x_wconf 95' lang='lat' dir='ltr'> </span> 
     </span>
    </p>
   </div>
  </div>
 </body>
</html>
