3875 5725
446 812 512 870 264
716 821 851 866 solutus
867 821 1143 866 sauusuuaruusrs
1307 799 1354 880 [a.
1375 818 1409 862 u.

448 976 600 1039 lescentia
622 974 733 1057 ipsius,
757 997 828 1058 quae
853 974 997 1037 nondum
1029 981 1106 1048 erat,
1130 974 1338 1055 sperabatur3
1373 983 1407 1034 et

433 1154 437 1161 ι
451 1074 540 1161 quod
555 1074 595 1138 de
610 1097 691 1157 pace
706 1073 789 1138 iuter
810 1077 916 1159 ipsum
939 1085 972 1138 et
991 1095 1096 1155 regem
1112 1073 1313 1137 reformanda
1329 1094 1407 1136 con·

452 1188 593 1253 reuerat,
617 1177 707 1240 etde
728 1198 778 1239 me
801 1177 1042 1240 reconciliando
1065 1176 1186 1238 mentio
1206 1176 1319 1239 habita
1338 1187 1409 1238 est:

450 1279 536 1342 etin
558 1278 644 1341 hunc
664 1278 794 1340 modum
816 1279 920 1361 plura,
941 1279 974 1340 in
1000 1277 1118 1359 quibus
1140 1278 1245 1340 amico
1265 1278 1408 1358 gessistis

452 1399 582 1442 morem.
613 1379 762 1441 Latmum
776 1379 981 1461 praesentium
999 1378 1039 1440 arl
1058 1399 1114 1440 ros
1129 1400 1231 1461 usque
1246 1378 1407 1440 transmisi

451 1491 488 1544 ut
511 1501 549 1543 eo
570 1480 777 1542 intermeante
801 1502 851 1541 me
874 1479 914 1542 dc
937 1479 1112 1563 praedictis,
1135 1491 1167 1541 et
1189 1480 1311 1542 caeteris
1332 1501 1406 1562 quae

453 1591 569 1647 statum
585 1592 722 1645 restrum
738 1582 938 1662 contingunt,
955 1590 1010 1645 aut
1025 1581 1202 1664 publicum,
1215 1603 1272 1664 per
1285 1581 1407 1643 litteras

454 1696 575 1748 vestras
598 1685 625 1747 si
647 1684 755 1768 placet
777 1683 918 1746 reddatis
940 1685 1118 1746 certiorem.
1172 1683 1407 1764 Obtemperans

453 1798 561 1849 autem
581 1797 685 1849 restro
712 1786 859 1861 consilio,
880 1784 920 1847 de
942 1784 1099 1848 industria
1125 1786 1220 1847 talem
1244 1783 1329 1854 misi,
1353 1785 1408 1866 qui

453 1888 536 1950 nrrlli
558 1887 598 1948 sit
620 1885 705 1970 apud
721 1907 787 1964 ros,
808 1897 863 1948 aut
884 1887 997 1981 pangis
1018 1895 1124 1964 notus,
1139 1884 1265 1946 etmihi
1281 1884 1409 1947 etmeis

453 1989 486 2050 in
503 1987 652 2051 omnibus
673 1986 776 2048 fidelis
798 1987 946 2049 inventus
969 1998 1025 2050 est.
1072 1984 1255 2069 lnjunctum
1279 1995 1328 2048 est
1351 1985 1409 2063 illi,

453 2100 490 2152 ut
519 2087 606 2170 apud
636 2086 800 2149 dominum
831 2086 1021 2168 episcopum
1052 2095 1140 2165 gerat
1169 2084 1333 2164 negotium
1358 2086 1407 2147 M.

455 2189 577 2252 Gulteri
606 2188 714 2250 clerici
740 2187 862 2248 domini
887 2187 1071 2263 Remcnsis,
1097 2205 1155 2268 pro
1181 2185 1409 2268 recuperandis

417 2321 424 2335 ·
453 2289 545 2350 libris
575 2309 656 2370 quos
685 2286 769 2348 idern
798 2287 958 2348 Walterus
989 2287 1148 2367 Magistro
1173 2286 1269 2348 Petro
1300 2287 1406 2350 Heliae

454 2387 742 2453 commendaverat.
788 2388 838 2449 De
861 2387 980 2467 quibus
998 2388 1166 2450 vobiscum
1186 2389 1313 2451 locutus
1334 2409 1406 2451 sum
1495 2403 1497 2407 “

453 2488 540 2574 apud
569 2486 779 2568 Audegarim,
805 2498 836 2551 et
862 2488 1138 2551 commonitorium
1164 2487 1250 2552 dedi.
1294 2491 1407 2573 Ipsum

451 2590 559 2674 itaque
570 2599 721 2672 tanquam
733 2612 868 2673 puerum
884 2589 924 2652 de
940 2589 1036 2652 domo
1050 2591 1220 2653 Remensis
1232 2591 1406 2674 archiepis·

453 2693 527 2777 copi
550 2703 683 2756 tractare
705 2692 862 2775 poteritis,
884 2702 919 2753 ut
945 2704 1073 2774 tempus
1098 2703 1266 2772 exposcet,
1290 2693 1348 2755 sed
1370 2701 1408 2756 ut

455 2795 519 2859 cito
534 2794 720 2871 remittatur,
730 2794 833 2875 exigit
848 2793 1010 2857 coutinuae
1024 2793 1247 2856 sollicitudinis
1259 2795 1407 2857 stimulus

455 2898 569 2960 auimae
585 2920 663 2961 meae
681 2897 819 2980 quietem
842 2897 1015 2978 denegans,
1031 2898 1132 2959 donec
1153 2896 1274 2979 aliquid
1290 2899 1407 2961 certius

455 2998 495 3063 de
524 2999 698 3083 praemissis
724 3019 907 3080 agnoscam.
953 2998 985 3059 Si
1015 3020 1099 3071 vero,
1124 2997 1211 3081 quod
1235 2998 1405 3081 plurimum

455 3099 612 3176 desidem,
638 3100 679 3162 ad
702 3101 854 3162 honorem
882 3099 943 3161 Dei
964 3111 997 3162 et
1016 3100 1161 3161 ecclesiae
1185 3121 1251 3181 pax
1275 3100 1405 3162 domiuo

455 3201 607 3284 episcopo
628 3203 793 3262 reformata
814 3210 863 3261 cst
880 3210 912 3261 et
935 3201 1103 3282 completa,
1125 3222 1198 3283 qnae
1218 3202 1405 3283 sperabatur

453 3301 627 3382 implenda,
642 3302 777 3383 qualiter
791 3301 824 3362 in
848 3301 1005 3363 electione
1023 3301 1203 3383 juratorum
1217 3325 1401 3385 processum

454 3400 506 3475 sit,
518 3412 549 3461 et
563 3400 725 3484 inquibus
738 3400 854 3463 finibus
870 3421 968 3463 causa
984 3402 1116 3477 steterit,
1127 3403 1206 3463 milri
1221 3400 1404 3482 diligentius

454 3501 686 3563 recurrentibus
701 3499 813 3562 litteris
828 3503 940 3562 vestris
957 3503 1085 3581 placeat
1100 3502 1289 3581 significare·
1320 3503 1351 3562 N
1355 3522 1405 3563 am

453 3601 533 3686 quid
549 3601 715 3677 timuerim,
730 3601 827 3661 immo
849 3600 926 3683 quid
948 3600 1088 3677 timeam,
1108 3603 1142 3664 in
1162 3603 1310 3663 omnibus
1331 3605 1405 3665 arti-

454 3701 538 3767 culis
553 3704 677 3783 ‚oblatae
701 3700 895 3764 conditionis
917 3702 1121 3785 perspicuum
1145 3704 1204 3765 erit
1218 3724 1260 3765 ex
1274 3702 1401 3777 litteris,

456 3827 536 3890 quas
552 3804 684 3867 domino
706 3804 860 3886 episcopo
880 3803 962 3866 misi.
1007 3805 1178 3868 Neminem
1200 3815 1305 3867 tamen
1321 3807 1403 3867 arbi·

455 3918 520 3971 tror
548 3908 736 3988 sapientam,
768 3902 821 3988 qui
860 3905 1045 3970 dissuadeat
1082 3929 1206 3990 pacem,
1236 3929 1306 3991 quae
1335 3908 1404 3970 fieri

453 4022 560 4091 potest
574 4010 606 4071 in
625 4010 775 4083 Domine,
791 4017 823 4070 ct
838 4019 910 4071 ante
925 4009 1115 4071 himerinum
1131 4009 1225 4086 diem,
1241 4010 1403 4071 honestati

453 4130 518 4171 uon
534 4110 678 4189 derogat:
695 4111 751 4172 fiat
762 4110 884 4171 utinam
900 4130 965 4190 pax
982 4131 1055 4172 cum
1070 4111 1170 4172 salute
1187 4112 1403 4187 couscientia),

452 4219 485 4273 et
506 4209 688 4287 integritate
710 4213 802 4272 t'amae
825 4210 857 4270 in
880 4209 997 4271 diebus
1016 4213 1143 4288 nostris,
1168 4212 1225 4274 sed
1248 4234 1319 4296 qrrae
1342 4234 1400 4276 nec

453 4310 647 4374 simulatoria
667 4310 708 4372 sit
726 4331 786 4374 nec
808 4323 1042 4389 momentanea,
1063 4311 1174 4375 horum
1198 4325 1304 4377 tamen
1325 4335 1403 4375 neu-

452 4427 533 4480 trum
562 4412 596 4475 in
627 4411 717 4474 robis
747 4422 804 4473 est.
861 4412 945 4475 Nam
977 4415 1110 4480 alterum
1141 4418 1182 4478 ab
1214 4416 1403 4489 adversario,
