3875 5725
498 831 537 892 ιο
752 836 890 887 romnus
905 838 1183 887 aaaasaauransn
1358 824 1406 904 [a.
1425 845 1458 889 n.

498 996 665 1079 contingit
712 995 812 1058 Porro
835 992 867 1056 in
897 992 1083 1079 episcopatu
1110 990 1302 1056 cicestrensi
1328 990 1456 1058 diutius

499 1095 717 1163 honestissime
742 1107 947 1159 conversatus
970 1105 1030 1172 est,
1054 1106 1087 1158 et
1110 1093 1287 1159 claritatem
1310 1116 1411 1182 quam
1436 1117 1457 1160 a

498 1199 672 1286 majoribus
685 1199 847 1263 contraxit
862 1197 1001 1284 proprian
1017 1196 1147 1264 virtutis
1162 1196 1259 1262 titulo
1276 1195 1453 1274 decoravit,

499 1315 531 1368 et
546 1322 672 1387 semper
685 1300 717 1364 in
732 1300 881 1366 omnibus
895 1300 982 1386 apud
1005 1323 1063 1366 nos
1081 1300 1207 1366 incessit
1223 1302 1290 1366 sine
1309 1300 1452 1388 querela

499 1403 582 1468 Haec
601 1401 730 1488 quidem
752 1401 793 1465 de
812 1425 861 1480 eo,
879 1401 971 1466 nobis
987 1414 1020 1466 et
1036 1401 1208 1466 venerabili
1230 1402 1322 1468 fratri
1342 1414 1453 1467 nostro

500 1494 689 1569 cicestrensi
704 1500 864 1588 episcopo,
879 1512 911 1565 et
935 1499 1004 1564 aliis
1024 1499 1207 1578 convicinis,
1220 1499 1337 1568 celebri
1352 1501 1453 1568 totius

499 1603 671 1691 provinciae
687 1599 868 1668 testimonio
882 1612 959 1665 nota
973 1614 1058 1664 sunt.

676 1835 897 1901 EPISTOLA
921 1837 1101 1899 xvi-an
1116 1854 1270 1903 acnuam

837 1968 983 2030 Adriano
998 1969 1110 2049 Papae.

542 2102 581 2168 lu
605 2124 711 2181 causa,
725 2120 802 2187 quae
825 2100 907 2164 inter
924 2101 965 2166 G.
983 2101 1115 2166 latorem
1131 2101 1246 2166 borum
1268 2116 1301 2170 et
1326 2105 1449 2193 Grego-

497 2206 579 2272 rium
607 2204 770 2290 quendam
792 2202 988 2280 vertebatur,
1015 2203 1047 2266 in
1077 2201 1277 2290 praesentiam
1308 2221 1447 2273 nostram

496 2330 553 2393 por
577 2305 820 2392 appeliationem
845 2317 957 2381 tracta,
983 2305 1042 2368 boc
1065 2305 1160 2368 modo
1182 2329 1364 2393 processum
1386 2321 1447 2376 est.

497 2413 586 2493 Aug.
602 2407 686 2471 filius
702 2407 849 2492 Gregorii
862 2419 893 2471 et
906 2421 1095 2497 procurator
1107 2408 1266 2473 asserebat
1281 2409 1447 2475 dominum

496 2532 589 2575 sunm
617 2507 777 2572 ecclesiam
801 2508 841 2573 de
864 2509 977 2575 Becles
998 2508 1182 2594 possedisse,
1202 2533 1304 2597 eaque
1325 2512 1447 2598 absque

495 2611 605 2676 ordine
616 2610 790 2698 judiciario
805 2610 990 2698 spoliatum,
1006 2611 1101 2674 laicos
1116 2610 1285 2696 quosdam,
1297 2625 1330 2679 et
1345 2636 1445 2680 unum

492 2713 653 2791 clericum,
670 2696 766 2801 quein
791 2713 850 2779 iste
870 2714 1033 2778 inimicum
1055 2737 1150 2778 suum
1170 2728 1320 2781 causatus
1336 2730 1397 2797 est,
1410 2718 1445 2783 in

493 2842 560 2885 suae
582 2816 761 2883 assertionis
784 2816 1003 2883 testimonium
1030 2815 1236 2903 producebat.
1280 2819 1312 2883 E
1334 2835 1446 2890 contra

495 2922 675 2988 Gaufridus
701 2921 894 3003 Gregorium
922 2919 1098 3005 possedisse
1127 2918 1282 2995 inficians,
1307 2921 1445 3004 dicebat,

494 3039 566 3112 post
582 3039 727 3110 tempora
747 3022 812 3096 illa,
828 3021 1001 3105 dequibus
1026 3023 1115 3105 Aug.
1130 3020 1333 3106 loquebatur,
1350 3025 1443 3090 Bald.

494 3125 653 3211 quendam
671 3145 727 3207 per
742 3122 889 3185 abbatem
906 3121 992 3186 beati
1012 3122 1189 3198 Edmundi,
1205 3135 1237 3188 et
1252 3140 1442 3191 conventum

493 3225 622 3289 domino
644 3221 837 3286 Norwicensi
858 3223 898 3285 nd
922 3224 1089 3310 praefatam
1113 3225 1273 3290 ecclesiam
1293 3226 1326 3290 in
1350 3227 1444 3314 plena

494 3327 617 3413 synodo
627 3325 725 3390 fuisse
737 3338 1010 3408 repraesentatum‚
1022 3350 1190 3414 quumque
1201 3328 1348 3393 dominus
1362 3330 1443 3394 Nor-

401 3461 403 3466 >
493 3427 643 3503 vicensis,
656 3440 765 3492 utrum
782 3426 890 3490 eadem
907 3428 1038 3494 ecclesia
1049 3443 1185 3506 vacaret,
1196 3430 1367 3515 diligenter
1380 3432 1443 3496 dis-

490 3529 652 3618 quisisset,
669 3529 779 3593 habito
800 3542 940 3595 tractatu
963 3553 1036 3594 cum
1057 3530 1212 3597 iratribus
1226 3533 1359 3618 capituli
1374 3557 1443 3604 eam

490 3656 601 3701 vacare
612 3632 774 3718 respondit
786 3632 1029 3696 archidiaconus
1041 3635 1165 3699 caeteris
1174 3634 1400 3703 attestantibus
1409 3639 1442 3712 in

490 3736 620 3825 publica
634 3734 797 3800 audientia
818 3748 850 3799 et
868 3735 914 3799 ita
935 3735 1154 3800 introductum
1178 3739 1218 3801 B.
1235 3740 1442 3819 memorabat,

487 3840 539 3904 cui
554 3853 585 3905 et
601 3839 661 3903 iste
684 3861 716 3902 se
736 3836 921 3902 successisse
937 3835 1107 3915 referebat,
1122 3837 1284 3923 ingressus
1299 3840 1349 3905 sui
1364 3844 1442 3907 satis

490 3938 604 4003 idonea
623 3939 786 4023 proferens
800 3940 1021 4003 instrumenta.
1066 3941 1152 4022 Aug.
1168 3961 1243 4002 vero
1257 3952 1353 4004 testes
1367 3964 1442 4010 suus

488 4036 593 4100 audiri
615 4036 768 4102 instanter
784 4038 978 4125 postulabat.
1024 4037 1150 4102 Deinde
1165 4039 1344 4104 Gaufridus
1360 4042 1442 4107 Gre-

484 4136 611 4223 gorinm
629 4159 685 4222 per
703 4153 940 4223 procuratorem
965 4161 1088 4225 semper
1109 4138 1245 4225 litigare,
1261 4164 1439 4229 numquam

485 4238 534 4309 sui
551 4239 673 4323 copiam
690 4238 805 4314 iacere,
821 4262 921 4323 quum
941 4254 1044 4306 tamen
1063 4265 1167 4323 sanus,
1182 4253 1214 4306 et
1228 4266 1330 4331 prope
1345 4260 1438 4325 esset,

487 4341 693 4431 querebatur,
706 4338 865 4424 adjiciens,
881 4342 906 4404 si
923 4365 1087 4426 personam
1103 4346 1174 4431 ejus
1188 4345 1320 4422 videret,
1332 4347 1439 4434 ipsum

485 4445 579 4509 talem
600 4465 667 4506 esse
683 4452 897 4520 ostensurum,
914 4443 1001 4527 quod
1018 4468 1076 4510 nec
1099 4446 1180 4509 hanc
1201 4448 1365 4523 ecclesiam
1381 4471 1439 4513 nec
