<?xml version="1.0" encoding="UTF-8"?>
<!DOCTYPE html PUBLIC "-//W3C//DTD XHTML 1.0 Transitional//EN"
    "http://www.w3.org/TR/xhtml1/DTD/xhtml1-transitional.dtd">
<html xmlns="http://www.w3.org/1999/xhtml" xml:lang="en" lang="en">
 <head>
  <title>
</title>
<meta http-equiv="Content-Type" content="text/html;charset=utf-8" />
  <meta name='ocr-system' content='tesseract 3.04.00' />
  <meta name='ocr-capabilities' content='ocr_page ocr_carea ocr_par ocr_line ocrx_word'/>
</head>
<body>
  <div class='ocr_page' id='page_1' title='image "./joannissaresber01johngoog_0136.png"; bbox 0 0 3875 5725; ppageno 0'>
   <div class='ocr_carea' id='block_1_1' title="bbox 1385 739 1397 764">
    <p class='ocr_par' dir='ltr' id='par_1_1' title="bbox 1385 739 1397 764">
     <span class='ocr_line' id='line_1_1' title="bbox 1385 739 1397 764; baseline 0 -4"><span class='ocrx_word' id='word_1_1' title='bbox 1385 739 1397 764; x_wconf 71' lang='grc' dir='ltr'><strong><em>Ι</em></strong></span> 
     </span>
    </p>
   </div>
   <div class='ocr_carea' id='block_1_2' title="bbox 556 842 1504 924">
    <p class='ocr_par' dir='ltr' id='par_1_2' title="bbox 556 842 1504 924">
     <span class='ocr_line' id='line_1_2' title="bbox 556 842 1504 924; baseline 0 -20"><span class='ocrx_word' id='word_1_2' title='bbox 556 847 615 905; x_wconf 78' lang='lat'><strong>118</strong></span> <span class='ocrx_word' id='word_1_3' title='bbox 805 863 939 908; x_wconf 78' lang='lat' dir='ltr'><strong>rosuurs</strong></span> <span class='ocrx_word' id='word_1_4' title='bbox 956 862 1235 908; x_wconf 80' lang='lat' dir='ltr'><strong>saausunnruusrs</strong></span> <span class='ocrx_word' id='word_1_5' title='bbox 1408 842 1454 924; x_wconf 77' lang='lat' dir='ltr'><strong>[s.</strong></span> <span class='ocrx_word' id='word_1_6' title='bbox 1473 861 1504 904; x_wconf 82' lang='lat' dir='ltr'><strong>u.</strong></span> 
     </span>
    </p>
   </div>
   <div class='ocr_carea' id='block_1_3' title="bbox 488 1011 1519 4546">
    <p class='ocr_par' dir='ltr' id='par_1_3' title="bbox 488 1011 1519 4546">
     <span class='ocr_line' id='line_1_3' title="bbox 790 1011 1227 1083; baseline -0.007 -18"><span class='ocrx_word' id='word_1_7' title='bbox 790 1015 853 1065; x_wconf 86' lang='lat' dir='ltr'><strong>Jam</strong></span> <span class='ocrx_word' id='word_1_8' title='bbox 865 1012 972 1064; x_wconf 87' lang='lat' dir='ltr'><strong>mellitis</strong></span> <span class='ocrx_word' id='word_1_9' title='bbox 983 1013 1082 1083; x_wconf 88' lang='lat' dir='ltr'><strong>potiore</strong></span> <span class='ocrx_word' id='word_1_10' title='bbox 1093 1011 1227 1082; x_wconf 85' lang='lat' dir='ltr'><strong>placentis,</strong></span> 
     </span>
     <span class='ocr_line' id='line_1_4' title="bbox 693 1096 1261 1167; baseline -0.004 -17"><span class='ocrx_word' id='word_1_11' title='bbox 693 1100 783 1167; x_wconf 85' lang='lat' dir='ltr'><strong>thue</strong></span> <span class='ocrx_word' id='word_1_12' title='bbox 795 1098 936 1150; x_wconf 87' lang='lat' dir='ltr'><strong>sacerdotis</strong></span> <span class='ocrx_word' id='word_1_13' title='bbox 947 1096 1074 1165; x_wconf 84' lang='lat' dir='ltr'><strong>fugitivus</strong></span> <span class='ocrx_word' id='word_1_14' title='bbox 1085 1096 1140 1148; x_wconf 89' lang='lat' dir='ltr'><strong>liba</strong></span> <span class='ocrx_word' id='word_1_15' title='bbox 1152 1101 1261 1149; x_wconf 81' lang='lat' dir='ltr'><strong>recusat.</strong></span> 
     </span>
     <span class='ocr_line' id='line_1_5' title="bbox 552 1208 1506 1294; baseline 0.001 -23"><span class='ocrx_word' id='word_1_16' title='bbox 552 1208 633 1282; x_wconf 87' lang='lat' dir='ltr'><strong>Quis</strong></span> <span class='ocrx_word' id='word_1_17' title='bbox 647 1208 729 1271; x_wconf 89' lang='lat' dir='ltr'><strong>enim</strong></span> <span class='ocrx_word' id='word_1_18' title='bbox 746 1209 777 1272; x_wconf 93' lang='lat' dir='ltr'><strong>iu</strong></span> <span class='ocrx_word' id='word_1_19' title='bbox 794 1220 882 1273; x_wconf 85' lang='lat' dir='ltr'><strong>tanta</strong></span> <span class='ocrx_word' id='word_1_20' title='bbox 901 1231 1021 1294; x_wconf 91' lang='lat' dir='ltr'><strong>panum</strong></span> <span class='ocrx_word' id='word_1_21' title='bbox 1043 1208 1240 1272; x_wconf 89' lang='lat' dir='ltr'><strong>abundantia</strong></span> <span class='ocrx_word' id='word_1_22' title='bbox 1255 1230 1318 1270; x_wconf 92' lang='lat' dir='ltr'><strong>non</strong></span> <span class='ocrx_word' id='word_1_23' title='bbox 1334 1208 1506 1289; x_wconf 84' lang='lat' dir='ltr'><strong>reficiatur,</strong></span> 
     </span>
     <span class='ocr_line' id='line_1_6' title="bbox 553 1310 1514 1396; baseline 0.001 -23"><span class='ocrx_word' id='word_1_24' title='bbox 553 1333 651 1395; x_wconf 91' lang='lat' dir='ltr'><strong>quum</strong></span> <span class='ocrx_word' id='word_1_25' title='bbox 677 1333 769 1374; x_wconf 91' lang='lat' dir='ltr'><strong>nemo</strong></span> <span class='ocrx_word' id='word_1_26' title='bbox 794 1333 903 1396; x_wconf 87' lang='lat' dir='ltr'><strong>regum</strong></span> <span class='ocrx_word' id='word_1_27' title='bbox 935 1311 1135 1375; x_wconf 81' lang='lat' dir='ltr'>delicatiores</span> <span class='ocrx_word' id='word_1_28' title='bbox 1160 1310 1191 1373; x_wconf 92' lang='lat' dir='ltr'><strong>in</strong></span> <span class='ocrx_word' id='word_1_29' title='bbox 1218 1332 1326 1373; x_wconf 89' lang='lat' dir='ltr'><strong>mensa</strong></span> <span class='ocrx_word' id='word_1_30' title='bbox 1351 1333 1409 1373; x_wconf 89' lang='lat' dir='ltr'><strong>sua</strong></span> <span class='ocrx_word' id='word_1_31' title='bbox 1434 1334 1514 1374; x_wconf 55' lang='lat' dir='ltr'><strong>con-&#39;</strong></span> 
     </span>
     <span class='ocr_line' id='line_1_7' title="bbox 553 1411 1506 1500; baseline 0 -24"><span class='ocrx_word' id='word_1_32' title='bbox 553 1413 712 1499; x_wconf 68' lang='lat' dir='ltr'><strong>aperuerit?</strong></span> <span class='ocrx_word' id='word_1_33' title='bbox 747 1414 821 1500; x_wconf 91' lang='lat' dir='ltr'><strong>quis</strong></span> <span class='ocrx_word' id='word_1_34' title='bbox 849 1414 957 1499; x_wconf 87' lang='lat' dir='ltr'><strong>plures</strong></span> <span class='ocrx_word' id='word_1_35' title='bbox 988 1436 1140 1498; x_wconf 88' lang='lat' dir='ltr'><strong>umquam</strong></span> <span class='ocrx_word' id='word_1_36' title='bbox 1170 1411 1384 1476; x_wconf 81' lang='lat' dir='ltr'><strong>delicatissimi</strong></span> <span class='ocrx_word' id='word_1_37' title='bbox 1414 1413 1506 1498; x_wconf 88' lang='lat' dir='ltr'><strong>panis</strong></span> 
     </span>
     <span class='ocr_line' id='line_1_8' title="bbox 552 1514 1506 1601; baseline 0 -22"><span class='ocrx_word' id='word_1_38' title='bbox 552 1517 708 1601; x_wconf 82' lang='lat' dir='ltr'><strong>congessit</strong></span> <span class='ocrx_word' id='word_1_39' title='bbox 735 1514 877 1601; x_wconf 86' lang='lat' dir='ltr'><strong>species?</strong></span> <span class='ocrx_word' id='word_1_40' title='bbox 908 1515 1005 1579; x_wconf 89' lang='lat' dir='ltr'><strong>habet</strong></span> <span class='ocrx_word' id='word_1_41' title='bbox 1032 1516 1115 1578; x_wconf 90' lang='lat' dir='ltr'><strong>enim</strong></span> <span class='ocrx_word' id='word_1_42' title='bbox 1146 1515 1323 1578; x_wconf 87' lang='lat' dir='ltr'><strong>satietatem</strong></span> <span class='ocrx_word' id='word_1_43' title='bbox 1353 1514 1419 1578; x_wconf 92' lang='lat' dir='ltr'><strong>sine</strong></span> <span class='ocrx_word' id='word_1_44' title='bbox 1443 1516 1506 1579; x_wconf 86' lang='lat' dir='ltr'><strong>fas-</strong></span> 
     </span>
     <span class='ocr_line' id='line_1_9' title="bbox 553 1616 1508 1696; baseline 0.002 -17"><span class='ocrx_word' id='word_1_45' title='bbox 553 1616 645 1696; x_wconf 90' lang='lat' dir='ltr'><strong>tidio,</strong></span> <span class='ocrx_word' id='word_1_46' title='bbox 664 1631 695 1682; x_wconf 87' lang='lat' dir='ltr'><strong>et</strong></span> <span class='ocrx_word' id='word_1_47' title='bbox 718 1617 845 1681; x_wconf 88' lang='lat' dir='ltr'>dulcem</span> <span class='ocrx_word' id='word_1_48' title='bbox 867 1617 934 1682; x_wconf 88' lang='lat' dir='ltr'><strong>sine</strong></span> <span class='ocrx_word' id='word_1_49' title='bbox 955 1617 1082 1680; x_wconf 85' lang='lat' dir='ltr'><strong>defectu</strong></span> <span class='ocrx_word' id='word_1_50' title='bbox 1105 1629 1137 1680; x_wconf 89' lang='lat' dir='ltr'><strong>et</strong></span> <span class='ocrx_word' id='word_1_51' title='bbox 1159 1616 1331 1680; x_wconf 88' lang='lat' dir='ltr'><strong>inanitione</strong></span> <span class='ocrx_word' id='word_1_52' title='bbox 1353 1616 1508 1681; x_wconf 75' lang='lat' dir='ltr'><strong>esuriem:</strong></span> 
     </span>
     <span class='ocr_line' id='line_1_10' title="bbox 553 1719 1509 1804; baseline 0.001 -22"><span class='ocrx_word' id='word_1_53' title='bbox 553 1719 720 1784; x_wconf 87' lang='lat' dir='ltr'><strong>conferunt</strong></span> <span class='ocrx_word' id='word_1_54' title='bbox 746 1733 779 1784; x_wconf 90' lang='lat' dir='ltr'><strong>et</strong></span> <span class='ocrx_word' id='word_1_55' title='bbox 805 1721 885 1782; x_wconf 90' lang='lat' dir='ltr'><strong>miro</strong></span> <span class='ocrx_word' id='word_1_56' title='bbox 911 1719 1105 1783; x_wconf 87' lang='lat' dir='ltr'><strong>condimenti</strong></span> <span class='ocrx_word' id='word_1_57' title='bbox 1132 1719 1255 1802; x_wconf 85' lang='lat' dir='ltr'><strong>gratiae,</strong></span> <span class='ocrx_word' id='word_1_58' title='bbox 1277 1741 1360 1804; x_wconf 90' lang='lat' dir='ltr'><strong>quos</strong></span> <span class='ocrx_word' id='word_1_59' title='bbox 1385 1731 1509 1783; x_wconf 90' lang='lat' dir='ltr'><strong>terrena</strong></span> 
     </span>
     <span class='ocr_line' id='line_1_11' title="bbox 554 1819 1510 1907; baseline 0.001 -23"><span class='ocrx_word' id='word_1_60' title='bbox 554 1820 706 1907; x_wconf 78' lang='lat' dir='ltr'><strong>deprimit</strong></span> <span class='ocrx_word' id='word_1_61' title='bbox 720 1820 920 1898; x_wconf 86' lang='lat' dir='ltr'><strong>inhabitatio,</strong></span> <span class='ocrx_word' id='word_1_62' title='bbox 937 1819 1021 1884; x_wconf 85' lang='lat' dir='ltr'><strong>felici</strong></span> <span class='ocrx_word' id='word_1_63' title='bbox 1037 1821 1234 1906; x_wconf 88' lang='lat' dir='ltr'><strong>superiorum</strong></span> <span class='ocrx_word' id='word_1_64' title='bbox 1258 1821 1420 1884; x_wconf 87' lang='lat' dir='ltr'><strong>evectione</strong></span> <span class='ocrx_word' id='word_1_65' title='bbox 1441 1844 1510 1885; x_wconf 89' lang='lat' dir='ltr'><strong>sus·</strong></span> 
     </span>
     <span class='ocr_line' id='line_1_12' title="bbox 553 1922 1513 2008; baseline -0.001 -21"><span class='ocrx_word' id='word_1_66' title='bbox 553 1923 712 2008; x_wconf 87' lang='lat' dir='ltr'><strong>pendunt.</strong></span> <span class='ocrx_word' id='word_1_67' title='bbox 760 1923 857 1988; x_wconf 89' lang='lat' dir='ltr'><strong>Unde</strong></span> <span class='ocrx_word' id='word_1_68' title='bbox 886 1945 1013 1987; x_wconf 83' lang='lat' dir='ltr'><strong>manum</strong></span> <span class='ocrx_word' id='word_1_69' title='bbox 1044 1922 1246 1986; x_wconf 84' lang='lat' dir='ltr'><strong>correctionis</strong></span> <span class='ocrx_word' id='word_1_70' title='bbox 1275 1922 1320 1985; x_wconf 90' lang='lat' dir='ltr'><strong>eis</strong></span> <span class='ocrx_word' id='word_1_71' title='bbox 1349 1945 1513 2008; x_wconf 86' lang='lat' dir='ltr'><strong>apponere</strong></span> 
     </span>
     <span class='ocr_line' id='line_1_13' title="bbox 554 2023 1510 2111; baseline 0.002 -23"><span class='ocrx_word' id='word_1_72' title='bbox 554 2047 617 2090; x_wconf 93' lang='lat' dir='ltr'><strong>non</strong></span> <span class='ocrx_word' id='word_1_73' title='bbox 637 2048 807 2111; x_wconf 88' lang='lat' dir='ltr'><strong>praesumo,</strong></span> <span class='ocrx_word' id='word_1_74' title='bbox 828 2025 904 2110; x_wconf 88' lang='lat' dir='ltr'><strong>quia</strong></span> <span class='ocrx_word' id='word_1_75' title='bbox 925 2025 1005 2087; x_wconf 88' lang='lat' dir='ltr'><strong>nihil</strong></span> <span class='ocrx_word' id='word_1_76' title='bbox 1023 2024 1150 2087; x_wconf 82' lang='lat' dir='ltr'><strong>invenio</strong></span> <span class='ocrx_word' id='word_1_77' title='bbox 1164 2024 1196 2087; x_wconf 92' lang='lat' dir='ltr'><strong>in</strong></span> <span class='ocrx_word' id='word_1_78' title='bbox 1211 2025 1256 2088; x_wconf 86' lang='lat' dir='ltr'><strong>eis</strong></span> <span class='ocrx_word' id='word_1_79' title='bbox 1275 2023 1510 2109; x_wconf 85' lang='lat' dir='ltr'><strong>corrigendum,</strong></span> 
     </span>
     <span class='ocr_line' id='line_1_14' title="bbox 554 2125 1513 2212; baseline 0.001 -23"><span class='ocrx_word' id='word_1_80' title='bbox 554 2125 610 2212; x_wconf 93' lang='lat' dir='ltr'><strong>qui</strong></span> <span class='ocrx_word' id='word_1_81' title='bbox 633 2149 686 2189; x_wconf 90' lang='lat' dir='ltr'><strong>eos</strong></span> <span class='ocrx_word' id='word_1_82' title='bbox 709 2138 796 2189; x_wconf 88' lang='lat' dir='ltr'><strong>tanta</strong></span> <span class='ocrx_word' id='word_1_83' title='bbox 818 2125 972 2188; x_wconf 86' lang='lat' dir='ltr'><strong>aviditate</strong></span> <span class='ocrx_word' id='word_1_84' title='bbox 997 2148 1121 2190; x_wconf 84' lang='lat' dir='ltr'><strong>vorasse</strong></span> <span class='ocrx_word' id='word_1_85' title='bbox 1144 2127 1309 2201; x_wconf 83' lang='lat' dir='ltr'><strong>voluerim,</strong></span> <span class='ocrx_word' id='word_1_86' title='bbox 1329 2138 1367 2190; x_wconf 92' lang='lat' dir='ltr'><strong>ut</strong></span> <span class='ocrx_word' id='word_1_87' title='bbox 1389 2148 1447 2190; x_wconf 87' lang='lat' dir='ltr'><strong>nec</strong></span> <span class='ocrx_word' id='word_1_88' title='bbox 1469 2127 1513 2190; x_wconf 90' lang='lat' dir='ltr'><strong>de</strong></span> 
     </span>
     <span class='ocr_line' id='line_1_15' title="bbox 555 2227 1514 2318; baseline -0.002 -26"><span class='ocrx_word' id='word_1_89' title='bbox 555 2228 733 2292; x_wconf 87' lang='lat' dir='ltr'><strong>substantia</strong></span> <span class='ocrx_word' id='word_1_90' title='bbox 767 2250 916 2290; x_wconf 89' lang='lat' dir='ltr'><strong>sensuum</strong></span> <span class='ocrx_word' id='word_1_91' title='bbox 947 2240 1003 2291; x_wconf 90' lang='lat' dir='ltr'><strong>aut</strong></span> <span class='ocrx_word' id='word_1_92' title='bbox 1035 2228 1138 2312; x_wconf 90' lang='lat' dir='ltr'><strong>specie</strong></span> <span class='ocrx_word' id='word_1_93' title='bbox 1168 2229 1336 2318; x_wconf 90' lang='lat' dir='ltr'><strong>verborum</strong></span> <span class='ocrx_word' id='word_1_94' title='bbox 1367 2227 1514 2292; x_wconf 86' lang='lat' dir='ltr'><strong>elabatur</strong></span> 
     </span>
     <span class='ocr_line' id='line_1_16' title="bbox 555 2327 1512 2401; baseline 0.003 -10"><span class='ocrx_word' id='word_1_95' title='bbox 555 2327 632 2391; x_wconf 88' lang='lat' dir='ltr'><strong>mihi</strong></span> <span class='ocrx_word' id='word_1_96' title='bbox 654 2329 746 2401; x_wconf 89' lang='lat' dir='ltr'><strong>mica,</strong></span> <span class='ocrx_word' id='word_1_97' title='bbox 770 2327 820 2390; x_wconf 87' lang='lat' dir='ltr'><strong>vel</strong></span> <span class='ocrx_word' id='word_1_98' title='bbox 844 2328 958 2392; x_wconf 90' lang='lat' dir='ltr'><strong>tenuis.</strong></span> <span class='ocrx_word' id='word_1_99' title='bbox 996 2328 1099 2393; x_wconf 86' lang='lat' dir='ltr'><strong>Micas</strong></span> <span class='ocrx_word' id='word_1_100' title='bbox 1121 2329 1204 2392; x_wconf 92' lang='lat' dir='ltr'><strong>enim</strong></span> <span class='ocrx_word' id='word_1_101' title='bbox 1226 2342 1258 2393; x_wconf 89' lang='lat' dir='ltr'><strong>et</strong></span> <span class='ocrx_word' id='word_1_102' title='bbox 1280 2330 1423 2394; x_wconf 88' lang='lat' dir='ltr'><strong>crustula</strong></span> <span class='ocrx_word' id='word_1_103' title='bbox 1445 2333 1512 2394; x_wconf 90' lang='lat' dir='ltr'><strong>Do-</strong></span> 
     </span>
     <span class='ocr_line' id='line_1_17' title="bbox 555 2428 1512 2517; baseline 0.003 -25"><span class='ocrx_word' id='word_1_104' title='bbox 555 2428 642 2492; x_wconf 88' lang='lat' dir='ltr'><strong>mino</strong></span> <span class='ocrx_word' id='word_1_105' title='bbox 662 2438 790 2492; x_wconf 90' lang='lat' dir='ltr'><strong>auctore</strong></span> <span class='ocrx_word' id='word_1_106' title='bbox 813 2429 1009 2514; x_wconf 86' lang='lat' dir='ltr'><strong>deglutiam:</strong></span> <span class='ocrx_word' id='word_1_107' title='bbox 1034 2443 1186 2494; x_wconf 89' lang='lat' dir='ltr'><strong>caeterum</strong></span> <span class='ocrx_word' id='word_1_108' title='bbox 1208 2431 1298 2495; x_wconf 89' lang='lat' dir='ltr'><strong>novit</strong></span> <span class='ocrx_word' id='word_1_109' title='bbox 1317 2431 1512 2517; x_wconf 86' lang='lat' dir='ltr'><strong>experientia</strong></span> 
     </span>
     <span class='ocr_line' id='line_1_18' title="bbox 556 2531 1512 2619; baseline 0.005 -28"><span class='ocrx_word' id='word_1_110' title='bbox 556 2544 674 2607; x_wconf 85' lang='lat' dir='ltr'><strong>vestra,</strong></span> <span class='ocrx_word' id='word_1_111' title='bbox 697 2533 856 2616; x_wconf 87' lang='lat' dir='ltr'><strong>quianon</strong></span> <span class='ocrx_word' id='word_1_112' title='bbox 880 2531 912 2594; x_wconf 92' lang='lat' dir='ltr'><strong>in</strong></span> <span class='ocrx_word' id='word_1_113' title='bbox 937 2531 1003 2595; x_wconf 90' lang='lat' dir='ltr'><strong>solo</strong></span> <span class='ocrx_word' id='word_1_114' title='bbox 1025 2552 1106 2616; x_wconf 87' lang='lat' dir='ltr'><strong>pane</strong></span> <span class='ocrx_word' id='word_1_115' title='bbox 1133 2532 1213 2596; x_wconf 88' lang='lat' dir='ltr'><strong>vivit</strong></span> <span class='ocrx_word' id='word_1_116' title='bbox 1239 2532 1346 2610; x_wconf 90' lang='lat' dir='ltr'><strong>homo,</strong></span> <span class='ocrx_word' id='word_1_117' title='bbox 1368 2545 1400 2598; x_wconf 90' lang='lat' dir='ltr'><strong>et</strong></span> <span class='ocrx_word' id='word_1_118' title='bbox 1422 2533 1512 2619; x_wconf 92' lang='lat' dir='ltr'><strong>quod</strong></span> 
     </span>
     <span class='ocr_line' id='line_1_19' title="bbox 556 2630 1511 2718; baseline 0.001 -20"><span class='ocrx_word' id='word_1_119' title='bbox 556 2630 728 2718; x_wconf 84' lang='lat' dir='ltr'><strong>potationis</strong></span> <span class='ocrx_word' id='word_1_120' title='bbox 763 2633 933 2698; x_wconf 88' lang='lat' dir='ltr'><strong>assiduitas</strong></span> <span class='ocrx_word' id='word_1_121' title='bbox 959 2633 1048 2718; x_wconf 91' lang='lat' dir='ltr'><strong>apud</strong></span> <span class='ocrx_word' id='word_1_122' title='bbox 1077 2645 1202 2698; x_wconf 86' lang='lat' dir='ltr'><strong>exteras</strong></span> <span class='ocrx_word' id='word_1_123' title='bbox 1231 2633 1373 2699; x_wconf 89' lang='lat' dir='ltr'><strong>nationes</strong></span> <span class='ocrx_word' id='word_1_124' title='bbox 1388 2636 1511 2700; x_wconf 85' lang='lat' dir='ltr'><strong>-fecerit</strong></span> 
     </span>
     <span class='ocr_line' id='line_1_20' title="bbox 556 2723 1513 2822; baseline 0.003 -24"><span class='ocrx_word' id='word_1_125' title='bbox 556 2735 682 2820; x_wconf 90' lang='lat' dir='ltr'><strong>Anglos</strong></span> <span class='ocrx_word' id='word_1_126' title='bbox 703 2736 851 2820; x_wconf 85' lang='lat' dir='ltr'><strong>insignes.</strong></span> <span class='ocrx_word' id='word_1_127' title='bbox 897 2735 995 2800; x_wconf 91' lang='lat' dir='ltr'><strong>Unde</strong></span> <span class='ocrx_word' id='word_1_128' title='bbox 1013 2737 1140 2822; x_wconf 87' lang='lat' dir='ltr'><strong>justum</strong></span> <span class='ocrx_word' id='word_1_129' title='bbox 1162 2723 1362 2802; x_wconf 35' lang='lat' dir='ltr'><strong>arbitror&#39;ut</strong></span> <span class='ocrx_word' id='word_1_130' title='bbox 1386 2738 1513 2822; x_wconf 85' lang='lat' dir='ltr'><strong>egregie</strong></span> 
     </span>
     <span class='ocr_line' id='line_1_21' title="bbox 556 2837 1516 2927; baseline 0.001 -24"><span class='ocrx_word' id='word_1_131' title='bbox 556 2839 660 2904; x_wconf 88' lang='lat' dir='ltr'><strong>cibato</strong></span> <span class='ocrx_word' id='word_1_132' title='bbox 682 2838 869 2925; x_wconf 89' lang='lat' dir='ltr'><strong>propinetis,</strong></span> <span class='ocrx_word' id='word_1_133' title='bbox 892 2850 924 2904; x_wconf 90' lang='lat' dir='ltr'><strong>et</strong></span> <span class='ocrx_word' id='word_1_134' title='bbox 946 2838 999 2903; x_wconf 92' lang='lat' dir='ltr'><strong>cui</strong></span> <span class='ocrx_word' id='word_1_135' title='bbox 1021 2837 1215 2925; x_wconf 88' lang='lat' dir='ltr'><strong>apposuistis</strong></span> <span class='ocrx_word' id='word_1_136' title='bbox 1235 2851 1268 2903; x_wconf 88' lang='lat' dir='ltr'><strong>et</strong></span> <span class='ocrx_word' id='word_1_137' title='bbox 1292 2862 1418 2925; x_wconf 90' lang='lat' dir='ltr'><strong>panem,</strong></span> <span class='ocrx_word' id='word_1_138' title='bbox 1440 2863 1516 2927; x_wconf 85' lang='lat' dir='ltr'><strong>por-</strong></span> 
     </span>
     <span class='ocr_line' id='line_1_22' title="bbox 552 2940 1508 3028; baseline 0.002 -24"><span class='ocrx_word' id='word_1_139' title='bbox 552 2942 665 3027; x_wconf 87' lang='lat' dir='ltr'><strong>rigatis</strong></span> <span class='ocrx_word' id='word_1_140' title='bbox 685 2953 717 3006; x_wconf 90' lang='lat' dir='ltr'><strong>et</strong></span> <span class='ocrx_word' id='word_1_141' title='bbox 736 2942 899 3028; x_wconf 85' lang='lat' dir='ltr'><strong>poculum.</strong></span> <span class='ocrx_word' id='word_1_142' title='bbox 944 2941 1018 3005; x_wconf 86' lang='lat' dir='ltr'><strong>Jam</strong></span> <span class='ocrx_word' id='word_1_143' title='bbox 1043 2943 1129 3005; x_wconf 88' lang='lat' dir='ltr'><strong>enim</strong></span> <span class='ocrx_word' id='word_1_144' title='bbox 1150 2940 1234 3016; x_wconf 89' lang='lat' dir='ltr'><strong>sitio,</strong></span> <span class='ocrx_word' id='word_1_145' title='bbox 1250 2955 1427 3028; x_wconf 88' lang='lat' dir='ltr'><strong>poteroque</strong></span> <span class='ocrx_word' id='word_1_146' title='bbox 1453 2966 1508 3006; x_wconf 89' lang='lat' dir='ltr'><strong>vo-</strong></span> 
     </span>
     <span class='ocr_line' id='line_1_23' title="bbox 556 3041 1514 3129; baseline 0.002 -24"><span class='ocrx_word' id='word_1_147' title='bbox 556 3055 644 3107; x_wconf 88' lang='lat' dir='ltr'><strong>rator</strong></span> <span class='ocrx_word' id='word_1_148' title='bbox 667 3065 788 3129; x_wconf 88' lang='lat' dir='ltr'><strong>panum</strong></span> <span class='ocrx_word' id='word_1_149' title='bbox 812 3042 845 3106; x_wconf 90' lang='lat' dir='ltr'><strong>in</strong></span> <span class='ocrx_word' id='word_1_150' title='bbox 872 3043 1013 3107; x_wconf 90' lang='lat' dir='ltr'><strong>siccitate</strong></span> <span class='ocrx_word' id='word_1_151' title='bbox 1040 3041 1243 3127; x_wconf 85' lang='lat' dir='ltr'><strong>strangulari,</strong></span> <span class='ocrx_word' id='word_1_152' title='bbox 1266 3042 1324 3107; x_wconf 90' lang='lat' dir='ltr'><strong>nisi</strong></span> <span class='ocrx_word' id='word_1_153' title='bbox 1346 3044 1514 3108; x_wconf 89' lang='lat' dir='ltr'><strong>clementia</strong></span> 
     </span>
     <span class='ocr_line' id='line_1_24' title="bbox 555 3142 1514 3231; baseline 0.005 -27"><span class='ocrx_word' id='word_1_154' title='bbox 555 3157 660 3207; x_wconf 86' lang='lat' dir='ltr'><strong>vestra</strong></span> <span class='ocrx_word' id='word_1_155' title='bbox 690 3142 767 3206; x_wconf 88' lang='lat' dir='ltr'><strong>mihi</strong></span> <span class='ocrx_word' id='word_1_156' title='bbox 797 3144 906 3208; x_wconf 89' lang='lat' dir='ltr'><strong>vinum</strong></span> <span class='ocrx_word' id='word_1_157' title='bbox 937 3143 1114 3228; x_wconf 84' lang='lat' dir='ltr'><strong>provideat.</strong></span> <span class='ocrx_word' id='word_1_158' title='bbox 1171 3145 1246 3209; x_wconf 93' lang='lat' dir='ltr'><strong>Hoc</strong></span> <span class='ocrx_word' id='word_1_159' title='bbox 1277 3145 1387 3231; x_wconf 89' lang='lat' dir='ltr'><strong>itaque</strong></span> <span class='ocrx_word' id='word_1_160' title='bbox 1421 3145 1514 3209; x_wconf 88' lang='lat' dir='ltr'><strong>vobis</strong></span> 
     </span>
     <span class='ocr_line' id='line_1_25' title="bbox 555 3244 1517 3329; baseline 0.006 -23"><span class='ocrx_word' id='word_1_161' title='bbox 555 3244 702 3328; x_wconf 88' lang='lat' dir='ltr'><strong>paratius</strong></span> <span class='ocrx_word' id='word_1_162' title='bbox 714 3256 761 3307; x_wconf 89' lang='lat' dir='ltr'><strong>est</strong></span> <span class='ocrx_word' id='word_1_163' title='bbox 776 3266 871 3329; x_wconf 79' lang='lat' dir='ltr'><strong>qtram</strong></span> <span class='ocrx_word' id='word_1_164' title='bbox 894 3244 996 3319; x_wconf 85' lang='lat' dir='ltr'><strong>coelia,</strong></span> <span class='ocrx_word' id='word_1_165' title='bbox 1013 3268 1086 3329; x_wconf 74' lang='lat' dir='ltr'><strong>quur</strong></span> <span class='ocrx_word' id='word_1_166' title='bbox 1106 3268 1126 3308; x_wconf 93' lang='lat' dir='ltr'><strong>a</strong></span> <span class='ocrx_word' id='word_1_167' title='bbox 1145 3247 1341 3310; x_wconf 88' lang='lat' dir='ltr'><strong>nostratibus</strong></span> <span class='ocrx_word' id='word_1_168' title='bbox 1362 3270 1422 3311; x_wconf 92' lang='lat' dir='ltr'><strong>usu</strong></span> <span class='ocrx_word' id='word_1_169' title='bbox 1442 3248 1517 3312; x_wconf 92' lang='lat' dir='ltr'><strong>vul-</strong></span> 
     </span>
     <span class='ocr_line' id='line_1_26' title="bbox 557 3344 1514 3435; baseline 0.005 -29"><span class='ocrx_word' id='word_1_170' title='bbox 557 3344 627 3428; x_wconf 86' lang='lat' dir='ltr'><strong>gari</strong></span> <span class='ocrx_word' id='word_1_171' title='bbox 643 3344 775 3407; x_wconf 85' lang='lat' dir='ltr'><strong>cervisia</strong></span> <span class='ocrx_word' id='word_1_172' title='bbox 795 3358 1011 3430; x_wconf 89' lang='lat' dir='ltr'><strong>nuncupatur.</strong></span> <span class='ocrx_word' id='word_1_173' title='bbox 1055 3349 1130 3431; x_wconf 90' lang='lat' dir='ltr'><strong>Ego</strong></span> <span class='ocrx_word' id='word_1_174' title='bbox 1151 3359 1257 3410; x_wconf 85' lang='lat' dir='ltr'><strong>tamen</strong></span> <span class='ocrx_word' id='word_1_175' title='bbox 1277 3348 1444 3435; x_wconf 90' lang='lat' dir='ltr'><strong>utriusque</strong></span> <span class='ocrx_word' id='word_1_176' title='bbox 1466 3349 1514 3413; x_wconf 91' lang='lat' dir='ltr'><strong>bi·</strong></span> 
     </span>
     <span class='ocr_line' id='line_1_27' title="bbox 556 3445 1513 3533; baseline 0.003 -25"><span class='ocrx_word' id='word_1_177' title='bbox 556 3445 620 3508; x_wconf 89' lang='lat' dir='ltr'><strong>bax</strong></span> <span class='ocrx_word' id='word_1_178' title='bbox 640 3467 722 3522; x_wconf 91' lang='lat' dir='ltr'><strong>sum,</strong></span> <span class='ocrx_word' id='word_1_179' title='bbox 738 3458 770 3509; x_wconf 91' lang='lat' dir='ltr'><strong>et</strong></span> <span class='ocrx_word' id='word_1_180' title='bbox 790 3468 855 3508; x_wconf 93' lang='lat' dir='ltr'><strong>non</strong></span> <span class='ocrx_word' id='word_1_181' title='bbox 876 3446 1033 3509; x_wconf 88' lang='lat' dir='ltr'><strong>abhorreo</strong></span> <span class='ocrx_word' id='word_1_182' title='bbox 1053 3447 1209 3532; x_wconf 89' lang='lat' dir='ltr'><strong>quicquid</strong></span> <span class='ocrx_word' id='word_1_183' title='bbox 1224 3447 1378 3511; x_wconf 90' lang='lat' dir='ltr'><strong>inebriare</strong></span> <span class='ocrx_word' id='word_1_184' title='bbox 1398 3451 1513 3533; x_wconf 88' lang='lat' dir='ltr'><strong>potest.</strong></span> 
     </span>
     <span class='ocr_line' id='line_1_28' title="bbox 560 3544 1513 3636; baseline 0.002 -25"><span class='ocrx_word' id='word_1_185' title='bbox 560 3544 623 3611; x_wconf 90' lang='lat' dir='ltr'><strong>Sed</strong></span> <span class='ocrx_word' id='word_1_186' title='bbox 645 3546 795 3633; x_wconf 90' lang='lat' dir='ltr'><strong>quoniam</strong></span> <span class='ocrx_word' id='word_1_187' title='bbox 820 3545 910 3612; x_wconf 90' lang='lat' dir='ltr'><strong>vobis</strong></span> <span class='ocrx_word' id='word_1_188' title='bbox 930 3561 977 3613; x_wconf 91' lang='lat' dir='ltr'><strong>est</strong></span> <span class='ocrx_word' id='word_1_189' title='bbox 998 3550 1101 3636; x_wconf 87' lang='lat' dir='ltr'><strong>copia,</strong></span> <span class='ocrx_word' id='word_1_190' title='bbox 1116 3562 1196 3614; x_wconf 88' lang='lat' dir='ltr'><strong>teste</strong></span> <span class='ocrx_word' id='word_1_191' title='bbox 1216 3549 1272 3613; x_wconf 92' lang='lat' dir='ltr'><strong>illo</strong></span> <span class='ocrx_word' id='word_1_192' title='bbox 1294 3549 1393 3611; x_wconf 86' lang='lat' dir='ltr'><strong>veteri</strong></span> <span class='ocrx_word' id='word_1_193' title='bbox 1411 3550 1513 3613; x_wconf 89' lang='lat' dir='ltr'><strong>amico</strong></span> 
     </span>
     <span class='ocr_line' id='line_1_29' title="bbox 557 3649 1515 3735; baseline -0.001 -22"><span class='ocrx_word' id='word_1_194' title='bbox 557 3670 638 3727; x_wconf 88' lang='lat' dir='ltr'><strong>meo,</strong></span> <span class='ocrx_word' id='word_1_195' title='bbox 652 3649 707 3733; x_wconf 90' lang='lat' dir='ltr'><strong>qui</strong></span> <span class='ocrx_word' id='word_1_196' title='bbox 719 3672 890 3735; x_wconf 91' lang='lat' dir='ltr'><strong>numquam</strong></span> <span class='ocrx_word' id='word_1_197' title='bbox 903 3652 923 3684; x_wconf 87' lang='lat'>“</span> <span class='ocrx_word' id='word_1_198' title='bbox 933 3650 993 3713; x_wconf 87' lang='lat' dir='ltr'><strong>nisi</strong></span> <span class='ocrx_word' id='word_1_199' title='bbox 1005 3663 1102 3735; x_wconf 90' lang='lat' dir='ltr'><strong>potus</strong></span> <span class='ocrx_word' id='word_1_200' title='bbox 1111 3650 1150 3713; x_wconf 93' lang='lat' dir='ltr'><strong>ad</strong></span> <span class='ocrx_word' id='word_1_201' title='bbox 1163 3662 1247 3713; x_wconf 89' lang='lat' dir='ltr'><strong>artes</strong></span> <span class='ocrx_word' id='word_1_202' title='bbox 1257 3649 1433 3735; x_wconf 59' lang='lat' dir='ltr'><strong>prosiluit?</strong></span> <span class='ocrx_word' id='word_1_203' title='bbox 1445 3672 1515 3712; x_wconf 87' lang='lat' dir='ltr'><strong>ver·</strong></span> 
     </span>
     <span class='ocr_line' id='line_1_30' title="bbox 488 3751 1513 3838; baseline -0.002 -23"><span class='ocrx_word' id='word_1_204' title='bbox 488 3802 490 3806; x_wconf 32' lang='lat'><em>1</em></span> <span class='ocrx_word' id='word_1_205' title='bbox 561 3774 676 3838; x_wconf 87' lang='lat' dir='ltr'><strong>susque</strong></span> <span class='ocrx_word' id='word_1_206' title='bbox 703 3751 850 3828; x_wconf 85' lang='lat' dir='ltr'><strong>faciebat,</strong></span> <span class='ocrx_word' id='word_1_207' title='bbox 878 3754 935 3837; x_wconf 93' lang='lat' dir='ltr'><strong>qui</strong></span> <span class='ocrx_word' id='word_1_208' title='bbox 960 3773 1093 3816; x_wconf 87' lang='lat' dir='ltr'><strong>numero</strong></span> <span class='ocrx_word' id='word_1_209' title='bbox 1119 3751 1310 3838; x_wconf 82' lang='lat' dir='ltr'><strong>syllabarum</strong></span> <span class='ocrx_word' id='word_1_210' title='bbox 1337 3762 1369 3814; x_wconf 89' lang='lat' dir='ltr'><strong>et</strong></span> <span class='ocrx_word' id='word_1_211' title='bbox 1394 3751 1513 3836; x_wconf 90' lang='lat' dir='ltr'><strong>pedum</strong></span> 
     </span>
     <span class='ocr_line' id='line_1_31' title="bbox 558 3851 1513 3939; baseline -0.002 -22"><span class='ocrx_word' id='word_1_212' title='bbox 558 3853 750 3939; x_wconf 88' lang='lat' dir='ltr'><strong>Virgilianos</strong></span> <span class='ocrx_word' id='word_1_213' title='bbox 775 3877 885 3918; x_wconf 83' lang='lat' dir='ltr'><strong>versus</strong></span> <span class='ocrx_word' id='word_1_214' title='bbox 909 3855 1106 3919; x_wconf 87' lang='lat' dir='ltr'><strong>excederent.</strong></span> <span class='ocrx_word' id='word_1_215' title='bbox 1156 3858 1228 3919; x_wconf 84' lang='lat' dir='ltr'><strong>Prae</strong></span> <span class='ocrx_word' id='word_1_216' title='bbox 1250 3853 1371 3917; x_wconf 83' lang='lat' dir='ltr'><strong>caeteris</strong></span> <span class='ocrx_word' id='word_1_217' title='bbox 1397 3851 1513 3916; x_wconf 90' lang='lat' dir='ltr'><strong>inebri-</strong></span> 
     </span>
     <span class='ocr_line' id='line_1_32' title="bbox 557 3954 1512 4042; baseline 0.001 -26"><span class='ocrx_word' id='word_1_218' title='bbox 557 3956 687 4019; x_wconf 86' lang='lat' dir='ltr'><strong>antibus</strong></span> <span class='ocrx_word' id='word_1_219' title='bbox 708 3978 807 4019; x_wconf 91' lang='lat' dir='ltr'><strong>unum</strong></span> <span class='ocrx_word' id='word_1_220' title='bbox 831 3969 916 4042; x_wconf 89' lang='lat' dir='ltr'><strong>peto,</strong></span> <span class='ocrx_word' id='word_1_221' title='bbox 940 3972 976 4020; x_wconf 91' lang='lat' dir='ltr'><strong>ut</strong></span> <span class='ocrx_word' id='word_1_222' title='bbox 999 3957 1051 4032; x_wconf 85' lang='lat' dir='ltr'><strong>sit,</strong></span> <span class='ocrx_word' id='word_1_223' title='bbox 1074 3954 1163 4040; x_wconf 77' lang='lat' dir='ltr'><strong>quod</strong></span> <span class='ocrx_word' id='word_1_224' title='bbox 1188 3977 1270 4039; x_wconf 88' lang='lat' dir='ltr'><strong>pane</strong></span> <span class='ocrx_word' id='word_1_225' title='bbox 1292 3954 1512 4019; x_wconf 87' lang='lat' dir='ltr'><strong>confirmatum</strong></span> 
     </span>
     <span class='ocr_line' id='line_1_33' title="bbox 559 4054 1515 4133; baseline 0.004 -18"><span class='ocrx_word' id='word_1_226' title='bbox 559 4054 725 4121; x_wconf 87' lang='lat' dir='ltr'><strong>exhilaret.</strong></span> <span class='ocrx_word' id='word_1_227' title='bbox 771 4061 872 4122; x_wconf 92' lang='lat' dir='ltr'><strong>Porro</strong></span> <span class='ocrx_word' id='word_1_228' title='bbox 887 4062 971 4123; x_wconf 89' lang='lat' dir='ltr'><strong>inter</strong></span> <span class='ocrx_word' id='word_1_229' title='bbox 991 4072 1132 4133; x_wconf 76' lang='lat' dir='ltr'><strong>caeterae,</strong></span> <span class='ocrx_word' id='word_1_230' title='bbox 1147 4060 1239 4119; x_wconf 81' lang='lat' dir='ltr'><strong>uinea</strong></span> <span class='ocrx_word' id='word_1_231' title='bbox 1257 4054 1377 4120; x_wconf 90' lang='lat' dir='ltr'><strong>domini</strong></span> <span class='ocrx_word' id='word_1_232' title='bbox 1401 4056 1515 4120; x_wconf 79' lang='lat' dir='ltr'><strong>Sorech</strong></span> 
     </span>
     <span class='ocr_line' id='line_1_34' title="bbox 558 4156 1514 4243; baseline 0.004 -25"><span class='ocrx_word' id='word_1_233' title='bbox 558 4156 651 4220; x_wconf 78' lang='lat' dir='ltr'><strong>uobis</strong></span> <span class='ocrx_word' id='word_1_234' title='bbox 670 4157 775 4221; x_wconf 90' lang='lat' dir='ltr'><strong>notior</strong></span> <span class='ocrx_word' id='word_1_235' title='bbox 789 4172 848 4237; x_wconf 89' lang='lat' dir='ltr'><strong>est,</strong></span> <span class='ocrx_word' id='word_1_236' title='bbox 863 4173 895 4223; x_wconf 87' lang='lat' dir='ltr'><strong>et</strong></span> <span class='ocrx_word' id='word_1_237' title='bbox 911 4182 986 4243; x_wconf 86' lang='lat' dir='ltr'><strong>quae</strong></span> <span class='ocrx_word' id='word_1_238' title='bbox 1000 4160 1040 4222; x_wconf 88' lang='lat' dir='ltr'><strong>ad</strong></span> <span class='ocrx_word' id='word_1_239' title='bbox 1057 4178 1153 4220; x_wconf 87' lang='lat' dir='ltr'><strong>usum</strong></span> <span class='ocrx_word' id='word_1_240' title='bbox 1169 4158 1238 4242; x_wconf 89' lang='lat' dir='ltr'><strong>ejus</strong></span> <span class='ocrx_word' id='word_1_241' title='bbox 1253 4158 1375 4222; x_wconf 86' lang='lat' dir='ltr'><strong>faciunt</strong></span> <span class='ocrx_word' id='word_1_242' title='bbox 1397 4159 1514 4223; x_wconf 88' lang='lat' dir='ltr'><strong>instru-</strong></span> 
     </span>
     <span class='ocr_line' id='line_1_35' title="bbox 559 4259 1515 4344; baseline -0.002 -20"><span class='ocrx_word' id='word_1_243' title='bbox 559 4272 666 4324; x_wconf 87' lang='lat' dir='ltr'><strong>menta</strong></span> <span class='ocrx_word' id='word_1_244' title='bbox 687 4260 793 4322; x_wconf 91' lang='lat' dir='ltr'><strong>omnia</strong></span> <span class='ocrx_word' id='word_1_245' title='bbox 815 4281 910 4343; x_wconf 90' lang='lat' dir='ltr'><strong>penes</strong></span> <span class='ocrx_word' id='word_1_246' title='bbox 933 4280 989 4321; x_wconf 91' lang='lat' dir='ltr'><strong>vos</strong></span> <span class='ocrx_word' id='word_1_247' title='bbox 1012 4280 1078 4320; x_wconf 89' lang='lat' dir='ltr'><strong>esse</strong></span> <span class='ocrx_word' id='word_1_248' title='bbox 1101 4278 1164 4319; x_wconf 90' lang='lat' dir='ltr'><strong>nou</strong></span> <span class='ocrx_word' id='word_1_249' title='bbox 1191 4259 1329 4344; x_wconf 88' lang='lat' dir='ltr'><strong>ambigo.</strong></span> <span class='ocrx_word' id='word_1_250' title='bbox 1369 4261 1515 4323; x_wconf 87' lang='lat' dir='ltr'><strong>Extrux·</strong></span> 
     </span>
     <span class='ocr_line' id='line_1_36' title="bbox 560 4353 1519 4439; baseline -0.003 -17"><span class='ocrx_word' id='word_1_251' title='bbox 560 4357 629 4422; x_wconf 89' lang='lat' dir='ltr'><strong>istis</strong></span> <span class='ocrx_word' id='word_1_252' title='bbox 643 4356 761 4421; x_wconf 89' lang='lat' dir='ltr'><strong>ibidem</strong></span> <span class='ocrx_word' id='word_1_253' title='bbox 777 4369 810 4421; x_wconf 87' lang='lat' dir='ltr'><strong>et</strong></span> <span class='ocrx_word' id='word_1_254' title='bbox 828 4377 882 4418; x_wconf 90' lang='lat' dir='ltr'><strong>vos</strong></span> <span class='ocrx_word' id='word_1_255' title='bbox 898 4353 1048 4429; x_wconf 85' lang='lat' dir='ltr'><strong>torcular,</strong></span> <span class='ocrx_word' id='word_1_256' title='bbox 1060 4354 1153 4439; x_wconf 90' lang='lat' dir='ltr'><strong>cujus</strong></span> <span class='ocrx_word' id='word_1_257' title='bbox 1169 4354 1397 4421; x_wconf 87' lang='lat' dir='ltr'><strong>interveniente</strong></span> <span class='ocrx_word' id='word_1_258' title='bbox 1412 4357 1519 4420; x_wconf 83' lang='lat' dir='ltr'><strong>officio-</strong></span> 
     </span>
     <span class='ocr_line' id='line_1_37' title="bbox 560 4444 1514 4546; baseline -0.003 -21"><span class='ocrx_word' id='word_1_259' title='bbox 560 4462 651 4526; x_wconf 82' lang='lat' dir='ltr'><strong>uobis</strong></span> <span class='ocrx_word' id='word_1_260' title='bbox 670 4460 777 4527; x_wconf 87' lang='lat' dir='ltr'><strong>vinum</strong></span> <span class='ocrx_word' id='word_1_261' title='bbox 798 4460 981 4546; x_wconf 85' lang='lat' dir='ltr'><strong>frequenter</strong></span> <span class='ocrx_word' id='word_1_262' title='bbox 1002 4444 1202 4543; x_wconf 85' lang='lat' dir='ltr'><strong>exprimitur,</strong></span> <span class='ocrx_word' id='word_1_263' title='bbox 1217 4458 1248 4522; x_wconf 95' lang='lat' dir='ltr'><strong>in</strong></span> <span class='ocrx_word' id='word_1_264' title='bbox 1272 4482 1364 4523; x_wconf 89' lang='lat' dir='ltr'><strong>usum</strong></span> <span class='ocrx_word' id='word_1_265' title='bbox 1386 4478 1514 4524; x_wconf 85' lang='lat' dir='ltr'><strong>conver-</strong></span> 
     </span>
    </p>
   </div>
   <div class='ocr_carea' id='block_1_4' title="bbox 0 0 1956 5725">
    <p class='ocr_par' dir='ltr' id='par_1_4' title="bbox 0 0 1956 5725">
     <span class='ocr_line' id='line_1_38' title="bbox 0 0 1956 5725; baseline 0 0"><span class='ocrx_word' id='word_1_266' title='bbox 0 0 1956 5725; x_wconf 95' lang='lat' dir='ltr'><strong> </strong></span> 
     </span>
    </p>
   </div>
  </div>
 </body>
</html>
