<?xml version="1.0" encoding="UTF-8"?>
<!DOCTYPE html PUBLIC "-//W3C//DTD XHTML 1.0 Transitional//EN"
    "http://www.w3.org/TR/xhtml1/DTD/xhtml1-transitional.dtd">
<html xmlns="http://www.w3.org/1999/xhtml" xml:lang="en" lang="en">
 <head>
  <title>
</title>
<meta http-equiv="Content-Type" content="text/html;charset=utf-8" />
  <meta name='ocr-system' content='tesseract 3.04.00' />
  <meta name='ocr-capabilities' content='ocr_page ocr_carea ocr_par ocr_line ocrx_word'/>
</head>
<body>
  <div class='ocr_page' id='page_1' title='image "./joannissaresber01johngoog_0191.png"; bbox 0 0 3875 5725; ppageno 0'>
   <div class='ocr_carea' id='block_1_1' title="bbox 405 870 1359 952">
    <p class='ocr_par' dir='ltr' id='par_1_1' title="bbox 405 870 1359 952">
     <span class='ocr_line' id='line_1_1' title="bbox 405 870 1359 952; baseline 0.006 -20"><span class='ocrx_word' id='word_1_1' title='bbox 405 870 614 952; x_wconf 57' lang='lat'>,1159—64]</span> <span class='ocrx_word' id='word_1_2' title='bbox 786 891 963 935; x_wconf 79' lang='lat' dir='ltr'><strong>nersronar.</strong></span> <span class='ocrx_word' id='word_1_3' title='bbox 1300 881 1359 938; x_wconf 79' lang='lat'><strong>173</strong></span> 
     </span>
    </p>
   </div>
   <div class='ocr_carea' id='block_1_2' title="bbox 407 1039 1365 3257">
    <p class='ocr_par' dir='ltr' id='par_1_2' title="bbox 407 1039 1365 3257">
     <span class='ocr_line' id='line_1_2' title="bbox 414 1039 1362 1106; baseline 0.002 -4"><span class='ocrx_word' id='word_1_4' title='bbox 414 1039 494 1102; x_wconf 92' lang='lat' dir='ltr'><strong>tium</strong></span> <span class='ocrx_word' id='word_1_5' title='bbox 527 1039 679 1104; x_wconf 89' lang='lat' dir='ltr'><strong>Nicolaus</strong></span> <span class='ocrx_word' id='word_1_6' title='bbox 710 1061 728 1101; x_wconf 88' lang='lat' dir='ltr'><strong>a</strong></span> <span class='ocrx_word' id='word_1_7' title='bbox 766 1042 937 1106; x_wconf 82' lang='lat' dir='ltr'><strong>venerabili</strong></span> <span class='ocrx_word' id='word_1_8' title='bbox 972 1042 1071 1106; x_wconf 84' lang='lat' dir='ltr'><strong>fratre</strong></span> <span class='ocrx_word' id='word_1_9' title='bbox 1109 1054 1216 1105; x_wconf 86' lang='lat' dir='ltr'><strong>nostro</strong></span> <span class='ocrx_word' id='word_1_10' title='bbox 1255 1043 1362 1105; x_wconf 88' lang='lat' dir='ltr'><strong>David</strong></span> 
     </span>
     <span class='ocr_line' id='line_1_3' title="bbox 413 1141 1364 1229; baseline 0.001 -25"><span class='ocrx_word' id='word_1_11' title='bbox 413 1144 600 1206; x_wconf 87' lang='lat' dir='ltr'><strong>Meuevensi</strong></span> <span class='ocrx_word' id='word_1_12' title='bbox 621 1141 779 1229; x_wconf 87' lang='lat' dir='ltr'><strong>episcopo,</strong></span> <span class='ocrx_word' id='word_1_13' title='bbox 804 1144 1073 1218; x_wconf 84' lang='lat' dir='ltr'><strong>archidiaconatu,</strong></span> <span class='ocrx_word' id='word_1_14' title='bbox 1099 1164 1193 1227; x_wconf 89' lang='lat' dir='ltr'><strong>quem</strong></span> <span class='ocrx_word' id='word_1_15' title='bbox 1217 1143 1364 1206; x_wconf 90' lang='lat' dir='ltr'><strong>canonice</strong></span> 
     </span>
     <span class='ocr_line' id='line_1_4' title="bbox 414 1243 1364 1332; baseline 0.003 -27"><span class='ocrx_word' id='word_1_16' title='bbox 414 1243 563 1322; x_wconf 88' lang='lat' dir='ltr'><strong>habebat,</strong></span> <span class='ocrx_word' id='word_1_17' title='bbox 592 1258 701 1308; x_wconf 88' lang='lat' dir='ltr'><strong>contra</strong></span> <span class='ocrx_word' id='word_1_18' title='bbox 732 1268 857 1308; x_wconf 92' lang='lat' dir='ltr'><strong>omnem</strong></span> <span class='ocrx_word' id='word_1_19' title='bbox 899 1246 1106 1311; x_wconf 88' lang='lat' dir='ltr'><strong>reverentiam</strong></span> <span class='ocrx_word' id='word_1_20' title='bbox 1139 1245 1223 1332; x_wconf 83' lang='lat' dir='ltr'><strong>juris</strong></span> <span class='ocrx_word' id='word_1_21' title='bbox 1251 1246 1364 1309; x_wconf 78' lang='lat' dir='ltr'><strong>absens</strong></span> 
     </span>
     <span class='ocr_line' id='line_1_5' title="bbox 413 1345 1364 1429; baseline 0.008 -23"><span class='ocrx_word' id='word_1_22' title='bbox 413 1345 576 1429; x_wconf 89' lang='lat' dir='ltr'><strong>spoliatus,</strong></span> <span class='ocrx_word' id='word_1_23' title='bbox 608 1346 783 1424; x_wconf 60' lang='lat' dir='ltr'><strong>inauditus</strong></span> <span class='ocrx_word' id='word_1_24' title='bbox 810 1371 872 1411; x_wconf 91' lang='lat' dir='ltr'><strong>non</strong></span> <span class='ocrx_word' id='word_1_25' title='bbox 904 1362 1090 1423; x_wconf 80' lang='lat' dir='ltr'><strong>conventuS,</strong></span> <span class='ocrx_word' id='word_1_26' title='bbox 1120 1350 1282 1413; x_wconf 85' lang='lat' dir='ltr'><strong>occasione</strong></span> <span class='ocrx_word' id='word_1_27' title='bbox 1311 1348 1364 1414; x_wconf 92' lang='lat' dir='ltr'><strong>lit·</strong></span> 
     </span>
     <span class='ocr_line' id='line_1_6' title="bbox 411 1449 1364 1536; baseline 0.007 -28"><span class='ocrx_word' id='word_1_28' title='bbox 411 1457 550 1509; x_wconf 89' lang='lat' dir='ltr'><strong>terarum</strong></span> <span class='ocrx_word' id='word_1_29' title='bbox 567 1469 649 1532; x_wconf 89' lang='lat' dir='ltr'><strong>quas</strong></span> <span class='ocrx_word' id='word_1_30' title='bbox 674 1449 805 1533; x_wconf 87' lang='lat' dir='ltr'><strong>quidam</strong></span> <span class='ocrx_word' id='word_1_31' title='bbox 830 1451 1024 1530; x_wconf 89' lang='lat' dir='ltr'><strong>Jordannus‚</strong></span> <span class='ocrx_word' id='word_1_32' title='bbox 1040 1451 1122 1514; x_wconf 85' lang='lat' dir='ltr'><strong>forte</strong></span> <span class='ocrx_word' id='word_1_33' title='bbox 1145 1451 1234 1515; x_wconf 92' lang='lat' dir='ltr'><strong>vobis</strong></span> <span class='ocrx_word' id='word_1_34' title='bbox 1256 1455 1364 1536; x_wconf 82' lang='lat' dir='ltr'><strong>incog-</strong></span> 
     </span>
     <span class='ocr_line' id='line_1_7' title="bbox 411 1547 1363 1633; baseline 0.008 -25"><span class='ocrx_word' id='word_1_35' title='bbox 411 1547 506 1620; x_wconf 84' lang='lat' dir='ltr'><strong>nitus,</strong></span> <span class='ocrx_word' id='word_1_36' title='bbox 539 1548 626 1611; x_wconf 85' lang='lat' dir='ltr'><strong>falsis</strong></span> <span class='ocrx_word' id='word_1_37' title='bbox 656 1550 815 1633; x_wconf 76' lang='lat' dir='ltr'><strong>precibuS,</strong></span> <span class='ocrx_word' id='word_1_38' title='bbox 846 1573 908 1612; x_wconf 92' lang='lat' dir='ltr'><strong>non</strong></span> <span class='ocrx_word' id='word_1_39' title='bbox 938 1550 1004 1612; x_wconf 90' lang='lat' dir='ltr'><strong>sine</strong></span> <span class='ocrx_word' id='word_1_40' title='bbox 1033 1548 1240 1613; x_wconf 87' lang='lat' dir='ltr'><strong>admiratione</strong></span> <span class='ocrx_word' id='word_1_41' title='bbox 1263 1553 1363 1616; x_wconf 87' lang='lat' dir='ltr'><strong>totius</strong></span> 
     </span>
     <span class='ocr_line' id='line_1_8' title="bbox 413 1648 1364 1736; baseline 0.007 -26"><span class='ocrx_word' id='word_1_42' title='bbox 413 1648 597 1732; x_wconf 87' lang='lat' dir='ltr'><strong>Anglicanae</strong></span> <span class='ocrx_word' id='word_1_43' title='bbox 626 1649 765 1712; x_wconf 84' lang='lat' dir='ltr'><strong>ecclesiae</strong></span> <span class='ocrx_word' id='word_1_44' title='bbox 795 1673 814 1711; x_wconf 90' lang='lat' dir='ltr'><strong>a</strong></span> <span class='ocrx_word' id='word_1_45' title='bbox 844 1663 948 1713; x_wconf 88' lang='lat' dir='ltr'><strong>vestra</strong></span> <span class='ocrx_word' id='word_1_46' title='bbox 977 1649 1143 1714; x_wconf 88' lang='lat' dir='ltr'><strong>clementia</strong></span> <span class='ocrx_word' id='word_1_47' title='bbox 1168 1651 1364 1736; x_wconf 89' lang='lat' dir='ltr'><strong>impetravit.</strong></span> 
     </span>
     <span class='ocr_line' id='line_1_9' title="bbox 414 1749 1363 1837; baseline 0.006 -26"><span class='ocrx_word' id='word_1_48' title='bbox 414 1749 478 1811; x_wconf 90' lang='lat' dir='ltr'><strong>Hic</strong></span> <span class='ocrx_word' id='word_1_49' title='bbox 494 1762 553 1823; x_wconf 90' lang='lat' dir='ltr'><strong>est,</strong></span> <span class='ocrx_word' id='word_1_50' title='bbox 575 1763 666 1833; x_wconf 86' lang='lat' dir='ltr'><strong>pater</strong></span> <span class='ocrx_word' id='word_1_51' title='bbox 688 1751 824 1833; x_wconf 88' lang='lat' dir='ltr'><strong>optime,</strong></span> <span class='ocrx_word' id='word_1_52' title='bbox 838 1751 889 1813; x_wconf 90' lang='lat' dir='ltr'><strong>hic</strong></span> <span class='ocrx_word' id='word_1_53' title='bbox 912 1763 959 1813; x_wconf 90' lang='lat' dir='ltr'><strong>est</strong></span> <span class='ocrx_word' id='word_1_54' title='bbox 980 1750 1034 1813; x_wconf 89' lang='lat' dir='ltr'><strong>ille</strong></span> <span class='ocrx_word' id='word_1_55' title='bbox 1055 1751 1183 1834; x_wconf 89' lang='lat' dir='ltr'><strong>publice</strong></span> <span class='ocrx_word' id='word_1_56' title='bbox 1205 1754 1363 1837; x_wconf 90' lang='lat' dir='ltr'><strong>perjurus,</strong></span> 
     </span>
     <span class='ocr_line' id='line_1_10' title="bbox 413 1847 1364 1936; baseline 0.005 -25"><span class='ocrx_word' id='word_1_57' title='bbox 413 1847 574 1912; x_wconf 89' lang='lat' dir='ltr'><strong>homicidii</strong></span> <span class='ocrx_word' id='word_1_58' title='bbox 610 1873 649 1913; x_wconf 87' lang='lat' dir='ltr'><strong>ex</strong></span> <span class='ocrx_word' id='word_1_59' title='bbox 683 1850 864 1934; x_wconf 86' lang='lat' dir='ltr'><strong>precedenti</strong></span> <span class='ocrx_word' id='word_1_60' title='bbox 894 1850 1129 1913; x_wconf 87' lang='lat' dir='ltr'><strong>insimulatione</strong></span> <span class='ocrx_word' id='word_1_61' title='bbox 1158 1851 1364 1936; x_wconf 82' lang='lat' dir='ltr'><strong>publicare-</strong></span> 
     </span>
     <span class='ocr_line' id='line_1_11' title="bbox 414 1949 1365 2038; baseline 0.007 -26"><span class='ocrx_word' id='word_1_62' title='bbox 414 1973 541 2036; x_wconf 89' lang='lat' dir='ltr'><strong>spersus</strong></span> <span class='ocrx_word' id='word_1_63' title='bbox 562 1951 702 2026; x_wconf 84' lang='lat' dir='ltr'><strong>infamia,</strong></span> <span class='ocrx_word' id='word_1_64' title='bbox 719 1975 814 2036; x_wconf 93' lang='lat' dir='ltr'><strong>quem</strong></span> <span class='ocrx_word' id='word_1_65' title='bbox 835 1952 877 2015; x_wconf 93' lang='lat' dir='ltr'><strong>ob</strong></span> <span class='ocrx_word' id='word_1_66' title='bbox 892 1953 1010 2015; x_wconf 85' lang='lat' dir='ltr'><strong>crimen</strong></span> <span class='ocrx_word' id='word_1_67' title='bbox 1030 1949 1100 2014; x_wconf 86' lang='lat' dir='ltr'><strong>falsi</strong></span> <span class='ocrx_word' id='word_1_68' title='bbox 1121 1950 1153 2013; x_wconf 93' lang='lat' dir='ltr'><strong>in</strong></span> <span class='ocrx_word' id='word_1_69' title='bbox 1174 1953 1365 2038; x_wconf 87' lang='lat' dir='ltr'><strong>Apostolicis</strong></span> 
     </span>
     <span class='ocr_line' id='line_1_12' title="bbox 414 2053 1365 2139; baseline 0.006 -24"><span class='ocrx_word' id='word_1_70' title='bbox 414 2053 558 2139; x_wconf 85' lang='lat' dir='ltr'><strong>apicibus</strong></span> <span class='ocrx_word' id='word_1_71' title='bbox 580 2054 747 2129; x_wconf 86' lang='lat' dir='ltr'><strong>commissi,</strong></span> <span class='ocrx_word' id='word_1_72' title='bbox 764 2067 890 2120; x_wconf 88' lang='lat' dir='ltr'><strong>sanctus</strong></span> <span class='ocrx_word' id='word_1_73' title='bbox 915 2054 1060 2118; x_wconf 89' lang='lat' dir='ltr'><strong>decessor</strong></span> <span class='ocrx_word' id='word_1_74' title='bbox 1080 2066 1182 2117; x_wconf 88' lang='lat' dir='ltr'><strong>vester</strong></span> <span class='ocrx_word' id='word_1_75' title='bbox 1196 2057 1365 2139; x_wconf 87' lang='lat' dir='ltr'><strong>Eugenius</strong></span> 
     </span>
     <span class='ocr_line' id='line_1_13' title="bbox 413 2155 1365 2243; baseline 0.005 -26"><span class='ocrx_word' id='word_1_76' title='bbox 413 2156 517 2219; x_wconf 90' lang='lat' dir='ltr'><strong>officio</strong></span> <span class='ocrx_word' id='word_1_77' title='bbox 546 2168 577 2219; x_wconf 87' lang='lat' dir='ltr'><strong>et</strong></span> <span class='ocrx_word' id='word_1_78' title='bbox 607 2156 760 2220; x_wconf 85' lang='lat' dir='ltr'><strong>beneficio</strong></span> <span class='ocrx_word' id='word_1_79' title='bbox 790 2156 1001 2221; x_wconf 90' lang='lat' dir='ltr'><strong>ecclesiastico</strong></span> <span class='ocrx_word' id='word_1_80' title='bbox 1031 2155 1272 2220; x_wconf 89' lang='lat' dir='ltr'><strong>condemnavit:</strong></span> <span class='ocrx_word' id='word_1_81' title='bbox 1299 2182 1365 2243; x_wconf 91' lang='lat' dir='ltr'><strong>qua</strong></span> 
     </span>
     <span class='ocr_line' id='line_1_14' title="bbox 415 2254 1364 2344; baseline 0.009 -28"><span class='ocrx_word' id='word_1_82' title='bbox 415 2254 467 2318; x_wconf 92' lang='lat' dir='ltr'><strong>ille</strong></span> <span class='ocrx_word' id='word_1_83' title='bbox 482 2271 659 2340; x_wconf 87' lang='lat' dir='ltr'><strong>prostratus</strong></span> <span class='ocrx_word' id='word_1_84' title='bbox 671 2260 836 2334; x_wconf 90' lang='lat' dir='ltr'><strong>sententia,</strong></span> <span class='ocrx_word' id='word_1_85' title='bbox 852 2258 1017 2344; x_wconf 89' lang='lat' dir='ltr'><strong>exquisitis</strong></span> <span class='ocrx_word' id='word_1_86' title='bbox 1029 2259 1208 2341; x_wconf 84' lang='lat' dir='ltr'><strong>ignotarum</strong></span> <span class='ocrx_word' id='word_1_87' title='bbox 1220 2259 1364 2342; x_wconf 87' lang='lat' dir='ltr'><strong>gentium</strong></span> 
     </span>
     <span class='ocr_line' id='line_1_15' title="bbox 412 2357 1364 2443; baseline 0.007 -24"><span class='ocrx_word' id='word_1_88' title='bbox 412 2357 539 2442; x_wconf 85' lang='lat' dir='ltr'><strong>angulis</strong></span> <span class='ocrx_word' id='word_1_89' title='bbox 565 2359 670 2433; x_wconf 90' lang='lat' dir='ltr'><strong>latuit,</strong></span> <span class='ocrx_word' id='word_1_90' title='bbox 698 2359 797 2422; x_wconf 88' lang='lat' dir='ltr'><strong>donec</strong></span> <span class='ocrx_word' id='word_1_91' title='bbox 819 2358 1009 2442; x_wconf 90' lang='lat' dir='ltr'><strong>praedictum</strong></span> <span class='ocrx_word' id='word_1_92' title='bbox 1034 2372 1156 2443; x_wconf 89' lang='lat' dir='ltr'><strong>patrem</strong></span> <span class='ocrx_word' id='word_1_93' title='bbox 1184 2361 1280 2425; x_wconf 91' lang='lat' dir='ltr'><strong>rebus</strong></span> <span class='ocrx_word' id='word_1_94' title='bbox 1306 2363 1364 2426; x_wconf 89' lang='lat' dir='ltr'><strong>hu-</strong></span> 
     </span>
     <span class='ocr_line' id='line_1_16' title="bbox 412 2459 1364 2548; baseline 0.007 -26"><span class='ocrx_word' id='word_1_95' title='bbox 412 2459 511 2523; x_wconf 92' lang='lat' dir='ltr'><strong>manis</strong></span> <span class='ocrx_word' id='word_1_96' title='bbox 523 2459 874 2547; x_wconf 86' lang='lat' dir='ltr'><strong>cognovitexemptum.</strong></span> <span class='ocrx_word' id='word_1_97' title='bbox 900 2460 1124 2546; x_wconf 77' lang='lat' dir='ltr'><strong>supplicamus</strong></span> <span class='ocrx_word' id='word_1_98' title='bbox 1135 2461 1245 2547; x_wconf 90' lang='lat' dir='ltr'><strong>itaque</strong></span> <span class='ocrx_word' id='word_1_99' title='bbox 1254 2465 1364 2548; x_wconf 89' lang='lat' dir='ltr'><strong>majes-</strong></span> 
     </span>
     <span class='ocr_line' id='line_1_17' title="bbox 412 2562 1365 2651; baseline 0.007 -28"><span class='ocrx_word' id='word_1_100' title='bbox 412 2564 470 2623; x_wconf 91' lang='lat' dir='ltr'><strong>tati</strong></span> <span class='ocrx_word' id='word_1_101' title='bbox 501 2575 623 2636; x_wconf 80' lang='lat' dir='ltr'><strong>vestrae,</strong></span> <span class='ocrx_word' id='word_1_102' title='bbox 657 2576 814 2649; x_wconf 90' lang='lat' dir='ltr'><strong>quatenus</strong></span> <span class='ocrx_word' id='word_1_103' title='bbox 842 2563 952 2625; x_wconf 91' lang='lat' dir='ltr'><strong>latoris</strong></span> <span class='ocrx_word' id='word_1_104' title='bbox 990 2562 1193 2646; x_wconf 90' lang='lat' dir='ltr'><strong>praesentium</strong></span> <span class='ocrx_word' id='word_1_105' title='bbox 1223 2564 1365 2651; x_wconf 88' lang='lat' dir='ltr'><strong>inspecta</strong></span> 
     </span>
     <span class='ocr_line' id='line_1_18' title="bbox 407 2661 1364 2748; baseline 0.009 -24"><span class='ocrx_word' id='word_1_106' title='bbox 407 2661 572 2745; x_wconf 88' lang='lat' dir='ltr'><strong>justitiaet</strong></span> <span class='ocrx_word' id='word_1_107' title='bbox 581 2663 750 2725; x_wconf 89' lang='lat' dir='ltr'><strong>miserabili</strong></span> <span class='ocrx_word' id='word_1_108' title='bbox 761 2675 960 2748; x_wconf 87' lang='lat' dir='ltr'><strong>paupertate,</strong></span> <span class='ocrx_word' id='word_1_109' title='bbox 973 2662 1060 2746; x_wconf 92' lang='lat' dir='ltr'><strong>quod</strong></span> <span class='ocrx_word' id='word_1_110' title='bbox 1071 2664 1103 2725; x_wconf 91' lang='lat' dir='ltr'><strong>in</strong></span> <span class='ocrx_word' id='word_1_111' title='bbox 1114 2670 1364 2734; x_wconf 89' lang='lat' dir='ltr'><strong>eumenormiter</strong></span> 
     </span>
     <span class='ocr_line' id='line_1_19' title="bbox 409 2763 1363 2847; baseline 0.008 -21"><span class='ocrx_word' id='word_1_112' title='bbox 409 2763 528 2826; x_wconf 88' lang='lat' dir='ltr'><strong>factum</strong></span> <span class='ocrx_word' id='word_1_113' title='bbox 552 2777 611 2838; x_wconf 87' lang='lat' dir='ltr'><strong>est,</strong></span> <span class='ocrx_word' id='word_1_114' title='bbox 634 2764 878 2826; x_wconf 88' lang='lat' dir='ltr'><strong>misericorditer</strong></span> <span class='ocrx_word' id='word_1_115' title='bbox 897 2764 1073 2847; x_wconf 62' lang='lat' dir='ltr'><strong>corrigatis</strong></span> <span class='ocrx_word' id='word_1_116' title='bbox 1097 2779 1129 2828; x_wconf 88' lang='lat' dir='ltr'><strong>et</strong></span> <span class='ocrx_word' id='word_1_117' title='bbox 1154 2789 1192 2828; x_wconf 90' lang='lat' dir='ltr'><strong>eo</strong></span> <span class='ocrx_word' id='word_1_118' title='bbox 1213 2768 1363 2834; x_wconf 88' lang='lat' dir='ltr'><strong>restituto</strong></span> 
     </span>
     <span class='ocr_line' id='line_1_20' title="bbox 410 2864 1363 2951; baseline 0.006 -22"><span class='ocrx_word' id='word_1_119' title='bbox 410 2888 534 2929; x_wconf 86' lang='lat' dir='ltr'><strong>causam</strong></span> <span class='ocrx_word' id='word_1_120' title='bbox 562 2865 703 2949; x_wconf 89' lang='lat' dir='ltr'><strong>jubeatis</strong></span> <span class='ocrx_word' id='word_1_121' title='bbox 726 2889 784 2951; x_wconf 87' lang='lat' dir='ltr'><strong>per</strong></span> <span class='ocrx_word' id='word_1_122' title='bbox 814 2864 971 2949; x_wconf 84' lang='lat' dir='ltr'><strong>legitimos</strong></span> <span class='ocrx_word' id='word_1_123' title='bbox 1002 2866 1144 2930; x_wconf 89' lang='lat' dir='ltr'><strong>tramites</strong></span> <span class='ocrx_word' id='word_1_124' title='bbox 1174 2890 1233 2930; x_wconf 88' lang='lat' dir='ltr'><strong>suo</strong></span> <span class='ocrx_word' id='word_1_125' title='bbox 1262 2884 1363 2935; x_wconf 91' lang='lat' dir='ltr'><strong>marte</strong></span> 
     </span>
     <span class='ocr_line' id='line_1_21' title="bbox 410 2965 1361 3046; baseline 0.004 -17"><span class='ocrx_word' id='word_1_126' title='bbox 410 2965 577 3046; x_wconf 89' lang='lat' dir='ltr'><strong>discutere,</strong></span> <span class='ocrx_word' id='word_1_127' title='bbox 597 2968 622 3030; x_wconf 90' lang='lat' dir='ltr'><strong>si</strong></span> <span class='ocrx_word' id='word_1_128' title='bbox 646 2979 749 3031; x_wconf 91' lang='lat' dir='ltr'><strong>tamen</strong></span> <span class='ocrx_word' id='word_1_129' title='bbox 772 2966 943 3029; x_wconf 76' lang='lat' dir='ltr'><strong>decessoris</strong></span> <span class='ocrx_word' id='word_1_130' title='bbox 959 2968 1056 3029; x_wconf 87' lang='lat' dir='ltr'><strong>vestri</strong></span> <span class='ocrx_word' id='word_1_131' title='bbox 1080 2966 1267 3032; x_wconf 90' lang='lat' dir='ltr'><strong>sententiam</strong></span> <span class='ocrx_word' id='word_1_132' title='bbox 1291 2994 1361 3034; x_wconf 86' lang='lat' dir='ltr'><strong>eva-</strong></span> 
     </span>
     <span class='ocr_line' id='line_1_22' title="bbox 410 3066 1364 3153; baseline 0.007 -22"><span class='ocrx_word' id='word_1_133' title='bbox 410 3069 566 3131; x_wconf 85' lang='lat' dir='ltr'><strong>cuandam</strong></span> <span class='ocrx_word' id='word_1_134' title='bbox 597 3092 663 3131; x_wconf 90' lang='lat' dir='ltr'><strong>esse</strong></span> <span class='ocrx_word' id='word_1_135' title='bbox 693 3067 872 3141; x_wconf 87' lang='lat' dir='ltr'><strong>decernitis,</strong></span> <span class='ocrx_word' id='word_1_136' title='bbox 902 3080 934 3131; x_wconf 88' lang='lat' dir='ltr'><strong>et</strong></span> <span class='ocrx_word' id='word_1_137' title='bbox 964 3066 1083 3130; x_wconf 90' lang='lat' dir='ltr'><strong>homini</strong></span> <span class='ocrx_word' id='word_1_138' title='bbox 1116 3070 1183 3153; x_wconf 89' lang='lat' dir='ltr'><strong>jam</strong></span> <span class='ocrx_word' id='word_1_139' title='bbox 1213 3070 1364 3138; x_wconf 89' lang='lat' dir='ltr'><strong>damnato</strong></span> 
     </span>
     <span class='ocr_line' id='line_1_23' title="bbox 415 3170 1084 3257; baseline 0.001 -24"><span class='ocrx_word' id='word_1_140' title='bbox 415 3172 568 3235; x_wconf 87' lang='lat' dir='ltr'><strong>actionem</strong></span> <span class='ocrx_word' id='word_1_141' title='bbox 586 3173 693 3257; x_wconf 87' lang='lat' dir='ltr'><strong>potius</strong></span> <span class='ocrx_word' id='word_1_142' title='bbox 708 3170 817 3234; x_wconf 92' lang='lat' dir='ltr'><strong>deberi</strong></span> <span class='ocrx_word' id='word_1_143' title='bbox 835 3194 928 3255; x_wconf 90' lang='lat' dir='ltr'><strong>quam</strong></span> <span class='ocrx_word' id='word_1_144' title='bbox 946 3192 1084 3256; x_wconf 88' lang='lat' dir='ltr'><strong>poenam.</strong></span> 
     </span>
    </p>
   </div>
   <div class='ocr_carea' id='block_1_3' title="bbox 568 3482 1203 3548">
    <p class='ocr_par' dir='ltr' id='par_1_3' title="bbox 568 3482 1203 3548">
     <span class='ocr_line' id='line_1_24' title="bbox 568 3482 1203 3548; baseline 0.008 -5"><span class='ocrx_word' id='word_1_145' title='bbox 568 3482 791 3547; x_wconf 87' lang='lat' dir='ltr'><strong>EPISTOLA</strong></span> <span class='ocrx_word' id='word_1_146' title='bbox 814 3483 1037 3546; x_wconf 61' lang='lat' dir='ltr'><strong>CXXVe-mr</strong></span> <span class='ocrx_word' id='word_1_147' title='bbox 1053 3502 1203 3548; x_wconf 73' lang='lat' dir='ltr'><strong>aunuum</strong></span> 
     </span>
    </p>
   </div>
   <div class='ocr_carea' id='block_1_4' title="bbox 653 3632 1118 3712">
    <p class='ocr_par' dir='ltr' id='par_1_4' title="bbox 653 3632 1118 3712">
     <span class='ocr_line' id='line_1_25' title="bbox 653 3632 1118 3712; baseline 0.004 -19"><span class='ocrx_word' id='word_1_148' title='bbox 653 3632 793 3693; x_wconf 80' lang='lat' dir='ltr'><strong>Domino</strong></span> <span class='ocrx_word' id='word_1_149' title='bbox 808 3632 911 3712; x_wconf 71' lang='lat' dir='ltr'><strong>Papae</strong></span> <span class='ocrx_word' id='word_1_150' title='bbox 927 3633 1118 3695; x_wconf 72' lang='lat' dir='ltr'><strong>Alexandro.</strong></span> 
     </span>
    </p>
   </div>
   <div class='ocr_carea' id='block_1_5' title="bbox 405 3764 1364 4561">
    <p class='ocr_par' dir='ltr' id='par_1_5' title="bbox 405 3764 1364 4561">
     <span class='ocr_line' id='line_1_26' title="bbox 455 3764 1361 3854; baseline 0.006 -25"><span class='ocrx_word' id='word_1_151' title='bbox 455 3767 557 3843; x_wconf 78' lang='lat' dir='ltr'><strong>Quum</strong></span> <span class='ocrx_word' id='word_1_152' title='bbox 574 3788 683 3829; x_wconf 92' lang='lat' dir='ltr'><strong>omnes</strong></span> <span class='ocrx_word' id='word_1_153' title='bbox 697 3764 806 3827; x_wconf 85' lang='lat' dir='ltr'><strong>fideles</strong></span> <span class='ocrx_word' id='word_1_154' title='bbox 821 3778 938 3828; x_wconf 82' lang='lat' dir='ltr'><strong>sanctae</strong></span> <span class='ocrx_word' id='word_1_155' title='bbox 955 3770 1108 3829; x_wconf 80' lang='lat' dir='ltr'><strong>Romanae</strong></span> <span class='ocrx_word' id='word_1_156' title='bbox 1127 3766 1265 3832; x_wconf 80' lang='lat' dir='ltr'><strong>ecclesiae</strong></span> <span class='ocrx_word' id='word_1_157' title='bbox 1280 3792 1361 3854; x_wconf 84' lang='lat' dir='ltr'><strong>prae·</strong></span> 
     </span>
     <span class='ocr_line' id='line_1_27' title="bbox 410 3864 1362 3952; baseline 0.005 -23"><span class='ocrx_word' id='word_1_158' title='bbox 410 3866 491 3930; x_wconf 90' lang='lat' dir='ltr'><strong>sidio</strong></span> <span class='ocrx_word' id='word_1_159' title='bbox 521 3868 695 3952; x_wconf 87' lang='lat' dir='ltr'><strong>gaudeant,</strong></span> <span class='ocrx_word' id='word_1_160' title='bbox 720 3866 760 3929; x_wconf 92' lang='lat' dir='ltr'><strong>ad</strong></span> <span class='ocrx_word' id='word_1_161' title='bbox 791 3867 895 3929; x_wconf 92' lang='lat' dir='ltr'><strong>sinum</strong></span> <span class='ocrx_word' id='word_1_162' title='bbox 928 3864 1152 3930; x_wconf 87' lang='lat' dir='ltr'><strong>misericordiae</strong></span> <span class='ocrx_word' id='word_1_163' title='bbox 1181 3867 1251 3951; x_wconf 77' lang='lat' dir='ltr'><strong>ejus</strong></span> <span class='ocrx_word' id='word_1_164' title='bbox 1279 3870 1362 3934; x_wconf 82' lang='lat' dir='ltr'><strong>fidu-</strong></span> 
     </span>
     <span class='ocr_line' id='line_1_28' title="bbox 409 3965 1362 4052; baseline 0.009 -24"><span class='ocrx_word' id='word_1_165' title='bbox 409 3967 519 4032; x_wconf 90' lang='lat' dir='ltr'><strong>cialius</strong></span> <span class='ocrx_word' id='word_1_166' title='bbox 541 3970 573 4032; x_wconf 94' lang='lat' dir='ltr'><strong>in</strong></span> <span class='ocrx_word' id='word_1_167' title='bbox 597 3968 781 4032; x_wconf 89' lang='lat' dir='ltr'><strong>necessitate</strong></span> <span class='ocrx_word' id='word_1_168' title='bbox 809 3965 1013 4051; x_wconf 86' lang='lat' dir='ltr'><strong>confugiunt,</strong></span> <span class='ocrx_word' id='word_1_169' title='bbox 1037 3990 1174 4052; x_wconf 88' lang='lat' dir='ltr'><strong>quorum</strong></span> <span class='ocrx_word' id='word_1_170' title='bbox 1198 3969 1362 4037; x_wconf 87' lang='lat' dir='ltr'><strong>desideriis</strong></span> 
     </span>
     <span class='ocr_line' id='line_1_29' title="bbox 405 4069 1364 4155; baseline 0.009 -24"><span class='ocrx_word' id='word_1_171' title='bbox 405 4070 533 4153; x_wconf 84' lang='lat' dir='ltr'><strong>justitia</strong></span> <span class='ocrx_word' id='word_1_172' title='bbox 559 4076 766 4154; x_wconf 85' lang='lat' dir='ltr'><strong>suffragatur,</strong></span> <span class='ocrx_word' id='word_1_173' title='bbox 791 4069 847 4155; x_wconf 90' lang='lat' dir='ltr'><strong>qui</strong></span> <span class='ocrx_word' id='word_1_174' title='bbox 874 4083 990 4135; x_wconf 86' lang='lat' dir='ltr'><strong>sanctae</strong></span> <span class='ocrx_word' id='word_1_175' title='bbox 1017 4069 1259 4136; x_wconf 87' lang='lat' dir='ltr'><strong>conversationis</strong></span> <span class='ocrx_word' id='word_1_176' title='bbox 1288 4074 1364 4139; x_wconf 88' lang='lat' dir='ltr'><strong>inci-</strong></span> 
     </span>
     <span class='ocr_line' id='line_1_30' title="bbox 411 4171 1362 4257; baseline 0.012 -25"><span class='ocrx_word' id='word_1_177' title='bbox 411 4183 551 4232; x_wconf 89' lang='lat' dir='ltr'><strong>tamento</strong></span> <span class='ocrx_word' id='word_1_178' title='bbox 566 4172 699 4237; x_wconf 89' lang='lat' dir='ltr'><strong>virtutes</strong></span> <span class='ocrx_word' id='word_1_179' title='bbox 713 4184 902 4257; x_wconf 86' lang='lat' dir='ltr'><strong>promovent</strong></span> <span class='ocrx_word' id='word_1_180' title='bbox 916 4171 1143 4257; x_wconf 84' lang='lat' dir='ltr'><strong>proximorum.</strong></span> <span class='ocrx_word' id='word_1_181' title='bbox 1188 4177 1280 4240; x_wconf 90' lang='lat' dir='ltr'><strong>Tales</strong></span> <span class='ocrx_word' id='word_1_182' title='bbox 1296 4201 1362 4243; x_wconf 90' lang='lat' dir='ltr'><strong>esse</strong></span> 
     </span>
     <span class='ocr_line' id='line_1_31' title="bbox 408 4272 1361 4357; baseline 0.009 -23"><span class='ocrx_word' id='word_1_183' title='bbox 408 4272 524 4334; x_wconf 86' lang='lat' dir='ltr'><strong>fratres</strong></span> <span class='ocrx_word' id='word_1_184' title='bbox 539 4272 594 4356; x_wconf 92' lang='lat' dir='ltr'><strong>qui</strong></span> <span class='ocrx_word' id='word_1_185' title='bbox 610 4273 696 4357; x_wconf 90' lang='lat' dir='ltr'><strong>apud</strong></span> <span class='ocrx_word' id='word_1_186' title='bbox 708 4274 995 4339; x_wconf 83' lang='lat' dir='ltr'><strong>Theochesberiam</strong></span> <span class='ocrx_word' id='word_1_187' title='bbox 1008 4277 1147 4338; x_wconf 90' lang='lat' dir='ltr'><strong>Domino</strong></span> <span class='ocrx_word' id='word_1_188' title='bbox 1162 4275 1361 4343; x_wconf 86' lang='lat' dir='ltr'><strong>devotissime</strong></span> 
     </span>
     <span class='ocr_line' id='line_1_32' title="bbox 410 4372 1362 4458; baseline 0.007 -24"><span class='ocrx_word' id='word_1_189' title='bbox 410 4372 617 4447; x_wconf 84' lang='lat' dir='ltr'><strong>famulantur,</strong></span> <span class='ocrx_word' id='word_1_190' title='bbox 645 4374 775 4456; x_wconf 88' lang='lat' dir='ltr'><strong>publico</strong></span> <span class='ocrx_word' id='word_1_191' title='bbox 809 4375 1019 4458; x_wconf 70' lang='lat' dir='ltr'><strong>praeconantis</strong></span> <span class='ocrx_word' id='word_1_192' title='bbox 1054 4375 1149 4438; x_wconf 86' lang='lat' dir='ltr'><strong>famae</strong></span> <span class='ocrx_word' id='word_1_193' title='bbox 1183 4378 1362 4441; x_wconf 88' lang='lat' dir='ltr'><strong>testimonio</strong></span> 
     </span>
     <span class='ocr_line' id='line_1_33' title="bbox 410 4473 1362 4561; baseline 0.004 -24"><span class='ocrx_word' id='word_1_194' title='bbox 410 4473 589 4537; x_wconf 81' lang='lat' dir='ltr'><strong>didicimus,</strong></span> <span class='ocrx_word' id='word_1_195' title='bbox 638 4476 700 4537; x_wconf 88' lang='lat' dir='ltr'><strong>Pro</strong></span> <span class='ocrx_word' id='word_1_196' title='bbox 716 4474 760 4536; x_wconf 88' lang='lat' dir='ltr'><strong>eis</strong></span> <span class='ocrx_word' id='word_1_197' title='bbox 782 4497 859 4558; x_wconf 87' lang='lat' dir='ltr'><strong>ergo</strong></span> <span class='ocrx_word' id='word_1_198' title='bbox 878 4487 942 4539; x_wconf 91' lang='lat' dir='ltr'><strong>tam</strong></span> <span class='ocrx_word' id='word_1_199' title='bbox 966 4477 1101 4539; x_wconf 87' lang='lat' dir='ltr'><strong>sinceras</strong></span> <span class='ocrx_word' id='word_1_200' title='bbox 1124 4498 1220 4561; x_wconf 90' lang='lat' dir='ltr'><strong>quarn</strong></span> <span class='ocrx_word' id='word_1_201' title='bbox 1237 4500 1362 4541; x_wconf 87' lang='lat' dir='ltr'><strong>securas</strong></span> 
     </span>
    </p>
   </div>
   <div class='ocr_carea' id='block_1_6' title="bbox 0 0 1942 5725">
    <p class='ocr_par' dir='ltr' id='par_1_6' title="bbox 0 0 1942 5725">
     <span class='ocr_line' id='line_1_34' title="bbox 0 0 1942 5725; baseline 0 0"><span class='ocrx_word' id='word_1_202' title='bbox 0 0 1942 5725; x_wconf 95' lang='lat' dir='ltr'><strong> </strong></span> 
     </span>
    </p>
   </div>
  </div>
 </body>
</html>
