3875 5725
498 868 697 950 1159-64]
884 886 1063 931 nnrsronn.
1386 869 1445 929 135

494 1038 605 1103 vellem
622 1040 767 1124 ignarum
786 1037 888 1101 vocari
903 1060 922 1100 a
938 1036 1086 1100 Domino,
1124 1040 1218 1100 Nunc
1233 1047 1351 1111 autem,
1368 1034 1444 1118 quia
1480 1053 1483 1057 ’

493 1142 521 1204 ei
537 1141 629 1205 aliter
644 1142 746 1204 visum
766 1153 825 1220 est,
839 1153 871 1204 et
893 1161 1027 1223 puerum
1053 1161 1146 1201 suum
1172 1137 1442 1201 Bartholomaeum

492 1243 613 1306 consilii
643 1245 692 1307 sui
727 1266 783 1329 per
813 1243 915 1305 multa
943 1241 1061 1304 indicia
1090 1240 1249 1304 conscium
1285 1239 1440 1314 fecerunt,

491 1344 622 1407 consulo
637 1345 723 1432 quod
740 1348 957 1409 consulueram
975 1356 1059 1421 ante,
1074 1341 1192 1406 scilicet
1208 1365 1246 1405 ne
1268 1341 1443 1426 praevenias

491 1445 714 1521 invitaturum,
744 1470 783 1511 nc
813 1445 968 1530 despicias
997 1445 1195 1508 invitantem.
1249 1445 1283 1509 Si
1312 1443 1442 1517 dixerit,

490 1549 623 1612 ascende
653 1550 811 1634 superius,
839 1550 1026 1632 obtempera
1054 1548 1200 1633 jubenti:
1240 1547 1287 1611 sin
1322 1561 1441 1622 autem,

492 1650 569 1713 dum
596 1651 624 1713 ei
648 1652 816 1737 placuerit,
838 1670 989 1735 permane
1012 1654 1043 1712 in
1071 1673 1107 1711 en
1131 1649 1293 1712 vocatione
1318 1649 1349 1710 in
1376 1670 1443 1732 qua

493 1763 624 1814 vocatus
642 1775 686 1817 es.
731 1753 813 1814 Nam
833 1751 962 1835 jubenti
987 1750 1175 1813 descendere
1197 1750 1443 1834 obtemperabis

494 1852 606 1915 Unum
629 1866 676 1916 est
701 1852 788 1938 quod
814 1852 854 1914 ad
882 1850 1101 1915 redimendum
1127 1852 1279 1926 favorem,
1295 1851 1320 1913 si
1341 1851 1441 1925 deest,

490 1953 621 2017 consulo
638 1954 755 2018 scilicet
780 1965 811 2017 te
835 1953 940 2030 facias,
957 1974 1017 2015 non
1046 1965 1083 2016 ut
1107 1951 1244 2024 simules
1271 1949 1441 2013 meliorem.

493 2054 590 2129 Quod
607 2055 632 2117 si
646 2055 776 2119 virtutis
790 2054 865 2118 odio
885 2052 1043 2138 displices,
1060 2075 1120 2117 non
1146 2054 1237 2118 multi
1253 2054 1350 2116 facias
1375 2052 1441 2136 pla-

491 2181 571 2236 cere,
587 2159 706 2242 quibus
721 2157 789 2242 ipsa
804 2156 961 2242 displicet,
980 2156 1039 2221 nisi
1054 2157 1151 2220 facias
1167 2172 1203 2222 ut
1216 2157 1285 2242 ipsa
1303 2156 1442 2241 compla-

490 2274 568 2324 ceat.
617 2262 806 2346 Opportune
827 2273 931 2324 tamon
955 2260 1071 2334 omnia,
1088 2281 1207 2322 mernor
1229 2260 1307 2345 ejus,
1325 2257 1381 2342 qui
1404 2270 1441 2327 ut

489 2385 598 2428 omnes
615 2362 694 2426 lucri
709 2363 838 2439 faceret,
853 2362 1002 2425 omnibus
1017 2361 1122 2424 omnia
1137 2362 1242 2424 lactus
1261 2374 1320 2425 est.
1367 2358 1438 2422 Non

480 2477 536 2542 ,est
552 2464 635 2526 enim
652 2486 671 2526 a
689 2462 847 2549 praecipiti
871 2475 903 2525 et
929 2462 1068 2547 abrupto
1092 2461 1245 2526 initianda
1268 2463 1438 2524 correctio:

489 2564 650 2630 dehortari
665 2579 785 2641 autem,
802 2587 840 2628 nc
856 2564 963 2650 aliqua
979 2588 1017 2627 ex
1034 2588 1128 2628 causa
1147 2563 1354 2649 promotionis
1375 2575 1440 2626 tuae

489 2669 667 2751 pactionem
683 2667 781 2745 incas,
794 2667 989 2751 superfluum
1003 2668 1076 2742 scio,
1094 2668 1241 2753 quoniam
1258 2666 1333 2730 mihi
1346 2678 1442 2730 notus

490 2790 533 2846 es,
548 2789 606 2829 nec
620 2767 660 2829 de
683 2767 939 2830 archidiaconatu
964 2767 997 2828 in
1021 2769 1121 2833 lilium
1147 2766 1310 2849 Hardingi
1336 2764 1442 2829 confe-

492 2867 601 2941 rendo,
617 2872 784 2941 movearis,
800 2869 950 2951 quoniam
969 2890 1080 2931 rumor
1095 2890 1195 2930 vanus
1209 2880 1267 2944 est,
1282 2865 1339 2951 qui
1361 2866 1443 2928 mul-

477 2954 541 3035 tos
557 2970 747 3055 plerumque
767 2968 928 3032 sollicitat.
971 2968 1004 3031 si
1021 2968 1149 3054 quidem
1169 2983 1339 3055 antequam
1362 2966 1444 3051 epis·

490 3094 590 3157 copus
622 3073 674 3147 sis,
705 3069 823 3133 nullius
853 3071 1043 3133 auctoritate
1071 3070 1124 3132 alii
1153 3070 1299 3134 dabitur:
1339 3092 1442 3155 quum

491 3177 657 3261 episcopus
677 3175 785 3249 fueris,
804 3187 895 3237 tuum
913 3174 973 3237 erit
998 3176 1102 3259 ipsum
1127 3174 1204 3237 dare
1227 3172 1277 3237 cui
1294 3173 1442 3239 volueris.

490 3280 603 3340 Preces
618 3276 700 3339 forte
722 3274 858 3353 interim,
874 3288 930 3338 aut
953 3287 1065 3359 postea
1079 3274 1200 3354 audies,
1214 3273 1268 3339 sed
1286 3286 1322 3338 ut
1344 3298 1442 3339 exau·

490 3377 569 3458 dias,
584 3400 624 3440 ex
641 3390 708 3456 tun,
723 3399 785 3447 non
801 3399 840 3439 ex
857 3365 959 3439 alieno
983 3376 1133 3461 pendebit
1157 3376 1300 3441 arbitrio.
1346 3378 1442 3450 Quod

490 3479 515 3541 si
542 3477 749 3564 trepidaveris
773 3478 829 3541 ubi
856 3500 918 3540 non
945 3491 993 3541 est
1018 3480 1125 3553 timor,
1147 3477 1324 3565 increpabit
1348 3494 1380 3543 te
1403 3482 1441 3558 is,

492 3580 595 3666 cujus,
616 3594 745 3642 auctore
771 3578 921 3655 Domino,
942 3579 1084 3644 minister
1107 3581 1238 3646 futurus
1259 3605 1303 3657 es,
1324 3582 1443 3668 quibus

491 3684 673 3766 increpatus
689 3693 737 3743 est
754 3680 867 3755 verbiS,
884 3682 1023 3745 Modicoe
1036 3684 1135 3764 fidei,
1151 3704 1252 3764 quare
1269 3686 1443 3749 dubitasti?

494 3784 532 3845 In
550 3804 672 3847 summa
689 3780 854 3844 consilium
871 3792 964 3845 tuum
978 3805 1016 3844 ex
1033 3804 1147 3867 magna
1162 3795 1252 3868 parte
1265 3784 1298 3844 in
1314 3784 1443 3848 domiuo

492 3884 727 3969 archiepiscopo
743 3895 802 3957 est,
818 3882 870 3945 cui
893 3886 980 3947 Deus
1003 3881 1093 3946 dedit
1115 3883 1182 3967 jam
1207 3882 1443 3968 aliquantulum

492 3985 717 4063 convalescere,
734 3998 769 4048 ut
785 3984 841 4048 tibi
861 3983 960 4067 possit
976 3984 1148 4048 consulere.
1196 3986 1268 4048 Sine
1288 4009 1326 4049 eo
1348 4011 1444 4074 super

493 4086 553 4149 hoc
574 4086 653 4149 nihil
675 4086 781 4164 facies,
804 4085 958 4169 quicquid
985 4085 1102 4149 faciant
1127 4086 1184 4149 {ilii
1211 4087 1385 4165 Betia1‚·tu
1412 4105 1444 4157 et

493 4186 551 4250 filii
565 4188 652 4271 pacis
667 4187 706 4250 ad
723 4187 806 4250 diem
825 4187 1009 4265 vocationis,
1020 4186 1100 4251 sicut
1114 4188 1206 4251 vobis
1222 4171 1444 4277 praescriptum

493 4300 551 4364 est,
576 4285 715 4350 venietis.
759 4291 896 4353 Veniant
918 4301 1026 4353 autem
1052 4313 1125 4353 curn
1146 4292 1279 4368 caeteriS,
1299 4308 1355 4357 aut
1376 4318 1443 4379 prae

494 4387 616 4451 caeteris
631 4388 780 4470 magister
804 4394 842 4453 B.
858 4391 943 4455 filius
971 4391 1136 4456 Reinfredi
1161 4407 1318 4476 peccator,
1335 4392 1445 4458 frater-

494 4489 585 4552 culus
613 4510 713 4564 meus‚
740 4501 770 4552 et
801 4494 998 4575 quicumque
1027 4506 1207 4556 nostrorum
1234 4512 1318 4570 sunt,
1345 4497 1446 4561 immo
