3875 5725
427 837 634 915 1159-64.]·
809 855 988 900 santonas.
1316 843 1372 900 lo'l

424 1005 635 1088 negotiorum,
651 1004 746 1071 variis
767 1006 864 1068 curiae
886 1006 1159 1092 occupationibus,
1175 1019 1207 1069 et
1222 1007 1267 1068 rei
1282 1007 1375 1071 lami-

421 1103 509 1168 liaris
538 1106 778 1170 necessitatibus
807 1106 1009 1193 impeditum,
1040 1108 1213 1171 amicorum
1244 1108 1372 1195 petitio·

422 1206 515 1271 nibus
526 1208 757 1292 promovendis,
769 1208 1065 1285 nisialioincitante‚
1079 1231 1188 1272 vacare
1199 1232 1260 1272 non
1271 1231 1371 1295 posse.

422 1307 473 1371 De
490 1323 597 1373 vestra
610 1311 722 1395 itaque
737 1308 953 1375 familiaritate
974 1334 1180 1397 praesumens,
1197 1334 1318 1397 precor,
1335 1324 1372 1375 ut

420 1407 569 1495 inspectis
580 1411 693 1475 litteris
703 1436 783 1499 quas
798 1413 826 1475 ei
843 1415 947 1489 mitto,
963 1413 1068 1499 ipsum
1084 1413 1125 1477 ad
1138 1413 1369 1477 reformandam
1425 1465 1428 1470 .

420 1510 499 1574 mihi
508 1510 628 1576 domini
638 1514 722 1595 regis
733 1519 869 1597 gratiam
878 1516 1035 1594 numetis,
1044 1529 1076 1578 et
1089 1529 1268 1579 recurrente
1278 1517 1374 1600 scrip-

421 1623 457 1674 to
469 1625 608 1677 vestrum
620 1614 696 1678 mihi
706 1615 871 1679 consilium
884 1617 1076 1702 significetis.
1122 1619 1289 1695 Quomodo
1299 1642 1374 1682 vero

422 1715 571 1778 dominus
599 1739 667 1794 rex,
692 1716 812 1780 domiui
834 1740 937 1802 papa,
961 1718 1198 1783 Cantuariensis
1219 1720 1372 1806 episcopi,

419 1826 451 1876 et
467 1815 644 1878 cancellarii
659 1817 707 1880 sui
723 1817 892 1902 petitiones
907 1819 1052 1905 accipiat,
1074 1818 1243 1902 diligenter
1258 1821 1373 1884 litteris

423 1920 548 1996 vestris,
564 1918 589 1980 si
606 1917 720 2002 placet,
736 1919 909 1984 rescribite.
942 1916 1093 1983 Amicum
1109 1920 1264 2006 siqnidem
1282 1921 1373 2004 longe

424 2015 589 2082 honestius
619 2032 665 2083 est
689 2019 842 2084 veraciter
863 2020 1062 2106 praemuniri,
1093 2043 1189 2106 quam
1220 2020 1375 2084 fallaciter

422 2117 538 2205 decipi.
586 2120 699 2185 Jacula
726 2143 855 2206 quoque
877 2123 983 2185 minus
1006 2121 1139 2198 laedum‚
1162 2144 1236 2207 quae
1258 2125 1373 2207 praevi·

420 2221 547 2287 dentur.

462 2481 687 2546 EPISTOLA
714 2484 929 2548 CXIIl-An
945 2504 1044 2548 aunis
1059 2503 1327 2548 cancannaaruu.

795 2586 875 2666 [nn.
891 2588 999 2666 rita]

735 2721 938 2782 Concellura'o
953 2719 1060 2801 Repu.

467 2833 575 2898 INTER
584 2833 789 2919 multiplices,
800 2847 829 2897 et
841 2855 955 2917 graves
965 2834 997 2897 in
1007 2857 1056 2897 me
1067 2835 1224 2899 saevientis
1232 2837 1370 2903 fortunae

422 2935 563 3022 iujurias,
573 2934 652 2998 nihil
664 2959 701 2998 eo
713 2935 876 2998 molestius
886 2935 965 3014 fero,
974 2936 1061 3020 quod
1074 2935 1246 3001 amicorum
1260 2938 1371 3002 solatio

418 3035 592 3102 destitutus
608 3036 763 3102 neminem
787 3059 937 3100 curarum
958 3036 1090 3113 socium,
1108 3058 1165 3102 aut
1181 3039 1368 3125 participem

417 3142 559 3202 moeroris
580 3137 714 3200 invenio.
762 3139 801 3201 In
817 3125 883 3223 quo
898 3137 1021 3201 calculo
1041 3161 1107 3201 sors
1129 3161 1199 3202 mea
1214 3153 1368 3219 versetur,

420 3240 500 3302 citra
516 3263 593 3303 meae
614 3241 848 3325 conquestionis
863 3239 1035 3327 judicium,
1049 3264 1089 3303 ex
1104 3240 1153 3304 his
1168 3264 1242 3327 quae
1258 3242 1370 3307 videtis

419 3355 451 3406 et
465 3342 596 3421 auditis,
617 3356 650 3406 et
666 3365 738 3428 quae
759 3342 854 3427 longo
869 3342 1027 3407 didicistis
1049 3341 1263 3427 experimento
1277 3345 1370 3409 facile

416 3441 561 3529 poteritis
572 3439 757 3525 intelligere.
783 3444 829 3507 Ut
840 3454 945 3507 tamen
955 3465 1028 3528 quae
1038 3444 1204 3530 sit,paucis
1216 3448 1367 3531 aperiam.

417 3545 470 3607 Ex
500 3567 566 3630 quo
589 3543 663 3607 socii
684 3542 785 3608 nostri
806 3567 826 3612 a
848 3545 939 3610 vobis
969 3545 1144 3625 redierunt,
1167 3570 1365 3613 communem

417 3648 603 3725 Dominum,
619 3667 669 3709 me
692 3646 757 3710 fere
777 3646 916 3724 excluso,
934 3647 994 3710 nisi
1015 3670 1114 3732 quum
1137 3671 1234 3713 onera
1248 3651 1367 3714 fuerint

418 3749 592 3823 subeunda,
609 3772 701 3812 suum
718 3746 878 3833 promissis
894 3762 925 3813 et
942 3750 1123 3812 rumoribus
1138 3749 1321 3813 effecerunt,

639 3865 701 3916 Non
714 3864 834 3932 equidem
846 3864 959 3927 invideo,
971 3865 1049 3916 miror
1061 3866 1154 3930 magis.

420 3969 452 4031 Si
468 3969 545 4054 quid
563 3991 639 4053 ergo
655 3979 760 4053 potest
776 3967 864 4051 apud
878 3964 1095 4029 excellentiam
1114 3976 1248 4027 vestram
1266 3971 1369 4052 parvi·

416 4068 490 4132 tatis
512 4092 590 4132 meae
612 4067 750 4147 devotio,
773 4070 798 4132 si
822 4090 886 4153 qua
907 4076 955 4128 est
976 4066 1119 4151 antiquae
1144 4065 1366 4137 familiaritatis

414 4169 575 4244 memoria,
588 4168 613 4233 si
624 4184 777 4257 spectatae
789 4170 937 4233 amicitia
952 4169 1059 4245 fidem,
1071 4169 1210 4232 fortunae
1225 4169 1363 4257 impetus

416 4291 478 4332 non
500 4268 666 4345 subvertit,
682 4270 713 4332 id
731 4270 826 4354 agite,
843 4292 908 4355 quo
924 4268 1113 4332 serenissimi
1129 4268 1249 4332 domini
1264 4276 1364 4338 nostri

415 4370 500 4454 regis
521 4368 622 4450 gratis
636 4372 669 4431 in
691 4392 739 4432 me
761 4382 914 4454 concepta
936 4368 1115 4453 indignatio
1136 4368 1312 4453 mitigetur,
1328 4389 1365 4439 ut

414 4494 473 4558 pro
488 4467 609 4534 arbitro
631 4470 700 4553 ejus
722 4493 867 4533 excusem
890 4472 1102 4534 innocentiam
1125 4492 1238 4549 meam,
1259 4487 1315 4537 aut
1337 4477 1363 4540 si

461 4594 535 4637 von.
550 4592 572 4635 1.
876 4592 900 4634 u
