<?xml version="1.0" encoding="UTF-8"?>
<!DOCTYPE html PUBLIC "-//W3C//DTD XHTML 1.0 Transitional//EN"
    "http://www.w3.org/TR/xhtml1/DTD/xhtml1-transitional.dtd">
<html xmlns="http://www.w3.org/1999/xhtml" xml:lang="en" lang="en">
 <head>
  <title>
</title>
<meta http-equiv="Content-Type" content="text/html;charset=utf-8" />
  <meta name='ocr-system' content='tesseract 3.04.00' />
  <meta name='ocr-capabilities' content='ocr_page ocr_carea ocr_par ocr_line ocrx_word'/>
</head>
<body>
  <div class='ocr_page' id='page_1' title='image "./joannissaresber01johngoog_0138.png"; bbox 0 0 3875 5725; ppageno 0'>
   <div class='ocr_carea' id='block_1_1' title="bbox 554 812 1512 892">
    <p class='ocr_par' dir='ltr' id='par_1_1' title="bbox 554 812 1512 892">
     <span class='ocr_line' id='line_1_1' title="bbox 554 812 1512 892; baseline -0.001 -20"><span class='ocrx_word' id='word_1_1' title='bbox 554 813 618 873; x_wconf 68' lang='lat'><strong>190</strong></span> <span class='ocrx_word' id='word_1_2' title='bbox 814 827 949 873; x_wconf 75' lang='lat' dir='ltr'><strong>rosums</strong></span> <span class='ocrx_word' id='word_1_3' title='bbox 965 827 1239 873; x_wconf 78' lang='lat' dir='ltr'><strong>sanusnaamnsrs</strong></span> <span class='ocrx_word' id='word_1_4' title='bbox 1415 812 1460 892; x_wconf 81' lang='lat' dir='ltr'><strong>[r.</strong></span> <span class='ocrx_word' id='word_1_5' title='bbox 1478 831 1512 874; x_wconf 88' lang='lat' dir='ltr'><strong>n.</strong></span> 
     </span>
    </p>
   </div>
   <div class='ocr_carea' id='block_1_2' title="bbox 554 976 1514 1469">
    <p class='ocr_par' dir='ltr' id='par_1_2' title="bbox 554 976 1514 1469">
     <span class='ocr_line' id='line_1_2' title="bbox 558 976 1514 1069; baseline 0.003 -29"><span class='ocrx_word' id='word_1_6' title='bbox 558 1000 621 1064; x_wconf 91' lang='lat' dir='ltr'><strong>que</strong></span> <span class='ocrx_word' id='word_1_7' title='bbox 636 977 754 1062; x_wconf 90' lang='lat' dir='ltr'><strong>aliquo,</strong></span> <span class='ocrx_word' id='word_1_8' title='bbox 771 977 880 1041; x_wconf 78' lang='lat' dir='ltr'><strong>sideri</strong></span> <span class='ocrx_word' id='word_1_9' title='bbox 896 990 1014 1063; x_wconf 90' lang='lat' dir='ltr'><strong>potest,</strong></span> <span class='ocrx_word' id='word_1_10' title='bbox 1029 976 1174 1042; x_wconf 77' lang='lat' dir='ltr'><strong>relevetis</strong></span> <span class='ocrx_word' id='word_1_11' title='bbox 1193 977 1317 1069; x_wconf 53' lang='lat' dir='ltr'><strong>smatio.</strong></span> <span class='ocrx_word' id='word_1_12' title='bbox 1363 982 1427 1043; x_wconf 91' lang='lat' dir='ltr'><strong>Pro</strong></span> <span class='ocrx_word' id='word_1_13' title='bbox 1440 979 1514 1063; x_wconf 88' lang='lat' dir='ltr'><strong>ipso</strong></span> 
     </span>
     <span class='ocr_line' id='line_1_3' title="bbox 555 1079 1514 1165; baseline 0.003 -23"><span class='ocrx_word' id='word_1_14' title='bbox 555 1079 638 1143; x_wconf 92' lang='lat' dir='ltr'><strong>enim</strong></span> <span class='ocrx_word' id='word_1_15' title='bbox 671 1079 816 1165; x_wconf 84' lang='lat' dir='ltr'>spondeo</span> <span class='ocrx_word' id='word_1_16' title='bbox 845 1080 1053 1155; x_wconf 90' lang='lat' dir='ltr'><strong>confidenter,</strong></span> <span class='ocrx_word' id='word_1_17' title='bbox 1084 1079 1161 1165; x_wconf 91' lang='lat' dir='ltr'><strong>quia</strong></span> <span class='ocrx_word' id='word_1_18' title='bbox 1190 1080 1367 1144; x_wconf 88' lang='lat' dir='ltr'><strong>claustrum</strong></span> <span class='ocrx_word' id='word_1_19' title='bbox 1407 1095 1514 1145; x_wconf 88' lang='lat' dir='ltr'><strong>servat</strong></span> 
     </span>
     <span class='ocr_line' id='line_1_4' title="bbox 554 1177 1508 1267; baseline 0.005 -26"><span class='ocrx_word' id='word_1_20' title='bbox 554 1177 683 1260; x_wconf 84' lang='lat' dir='ltr'><strong>invitus,</strong></span> <span class='ocrx_word' id='word_1_21' title='bbox 699 1195 730 1245; x_wconf 92' lang='lat' dir='ltr'><strong>et</strong></span> <span class='ocrx_word' id='word_1_22' title='bbox 746 1180 909 1267; x_wconf 84' lang='lat' dir='ltr'><strong>sicutipse</strong></span> <span class='ocrx_word' id='word_1_23' title='bbox 924 1181 1002 1244; x_wconf 88' lang='lat' dir='ltr'><strong>mihi</strong></span> <span class='ocrx_word' id='word_1_24' title='bbox 1018 1179 1155 1264; x_wconf 83' lang='lat' dir='ltr'>scripsit,</span> <span class='ocrx_word' id='word_1_25' title='bbox 1169 1181 1214 1244; x_wconf 90' lang='lat' dir='ltr'><strong>sic</strong></span> <span class='ocrx_word' id='word_1_26' title='bbox 1235 1179 1353 1245; x_wconf 83' lang='lat' dir='ltr'><strong>credit:</strong></span> <span class='ocrx_word' id='word_1_27' title='bbox 1378 1181 1429 1245; x_wconf 91' lang='lat' dir='ltr'><strong>bis</strong></span> <span class='ocrx_word' id='word_1_28' title='bbox 1450 1182 1508 1267; x_wconf 91' lang='lat' dir='ltr'><strong>qui</strong></span> 
     </span>
     <span class='ocr_line' id='line_1_5' title="bbox 556 1278 1514 1369; baseline 0.003 -26"><span class='ocrx_word' id='word_1_29' title='bbox 556 1301 588 1344; x_wconf 88' lang='lat' dir='ltr'><strong>se</strong></span> <span class='ocrx_word' id='word_1_30' title='bbox 617 1282 815 1346; x_wconf 83' lang='lat' dir='ltr'><strong>obedientias</strong></span> <span class='ocrx_word' id='word_1_31' title='bbox 842 1278 1041 1347; x_wconf 82' lang='lat' dir='ltr'><strong>contemnere</strong></span> <span class='ocrx_word' id='word_1_32' title='bbox 1075 1282 1265 1364; x_wconf 82' lang='lat' dir='ltr'>gloriantur,</span> <span class='ocrx_word' id='word_1_33' title='bbox 1296 1282 1380 1347; x_wconf 90' lang='lat' dir='ltr'><strong>sicut</strong></span> <span class='ocrx_word' id='word_1_34' title='bbox 1415 1283 1514 1369; x_wconf 89' lang='lat' dir='ltr'><strong>lupus</strong></span> 
     </span>
     <span class='ocr_line' id='line_1_6' title="bbox 557 1381 744 1469; baseline 0.021 -23"><span class='ocrx_word' id='word_1_35' title='bbox 557 1381 744 1469; x_wconf 74' lang='lat' dir='ltr'><strong>adquiescit.</strong></span> 
     </span>
    </p>
   </div>
   <div class='ocr_carea' id='block_1_3' title="bbox 819 1644 1251 1710">
    <p class='ocr_par' dir='ltr' id='par_1_3' title="bbox 819 1644 1251 1710">
     <span class='ocr_line' id='line_1_7' title="bbox 819 1644 1251 1710; baseline -0.005 0"><span class='ocrx_word' id='word_1_36' title='bbox 819 1644 1042 1710; x_wconf 87' lang='lat' dir='ltr'><strong>EPISTOLA</strong></span> <span class='ocrx_word' id='word_1_37' title='bbox 1066 1644 1251 1710; x_wconf 83' lang='lat' dir='ltr'><strong>LXXXVI.</strong></span> 
     </span>
    </p>
   </div>
   <div class='ocr_carea' id='block_1_4' title="bbox 555 1775 1583 4505">
    <p class='ocr_par' dir='ltr' id='par_1_4' title="bbox 555 1775 1583 4505">
     <span class='ocr_line' id='line_1_8' title="bbox 601 1775 1511 1860; baseline -0.001 -18"><span class='ocrx_word' id='word_1_38' title='bbox 601 1777 709 1842; x_wconf 62' lang='lat' dir='ltr'><strong>Reno</strong></span> <span class='ocrx_word' id='word_1_39' title='bbox 725 1776 931 1842; x_wconf 81' lang='lat' dir='ltr'><strong>humanitatis</strong></span> <span class='ocrx_word' id='word_1_40' title='bbox 946 1775 1057 1860; x_wconf 81' lang='lat' dir='ltr'><strong>exigit,</strong></span> <span class='ocrx_word' id='word_1_41' title='bbox 1073 1788 1108 1840; x_wconf 93' lang='lat' dir='ltr'><strong>ut</strong></span> <span class='ocrx_word' id='word_1_42' title='bbox 1124 1777 1268 1840; x_wconf 89' lang='lat' dir='ltr'><strong>veritatis</strong></span> <span class='ocrx_word' id='word_1_43' title='bbox 1283 1788 1406 1840; x_wconf 87' lang='lat' dir='ltr'><strong>amator</strong></span> <span class='ocrx_word' id='word_1_44' title='bbox 1422 1777 1511 1842; x_wconf 90' lang='lat' dir='ltr'><strong>testi-</strong></span> 
     </span>
     <span class='ocr_line' id='line_1_9' title="bbox 560 1877 1512 1967; baseline -0.001 -22"><span class='ocrx_word' id='word_1_45' title='bbox 560 1880 699 1945; x_wconf 91' lang='lat' dir='ltr'><strong>mouium</strong></span> <span class='ocrx_word' id='word_1_46' title='bbox 730 1881 897 1967; x_wconf 87' lang='lat' dir='ltr'><strong>perhibeat</strong></span> <span class='ocrx_word' id='word_1_47' title='bbox 927 1881 1063 1954; x_wconf 80' lang='lat' dir='ltr'><strong>veritati,</strong></span> <span class='ocrx_word' id='word_1_48' title='bbox 1103 1877 1277 1964; x_wconf 88' lang='lat' dir='ltr'><strong>praesertim</strong></span> <span class='ocrx_word' id='word_1_49' title='bbox 1308 1877 1364 1942; x_wconf 92' lang='lat' dir='ltr'><strong>ubi</strong></span> <span class='ocrx_word' id='word_1_50' title='bbox 1394 1879 1512 1944; x_wconf 89' lang='lat' dir='ltr'><strong>veritas</strong></span> 
     </span>
     <span class='ocr_line' id='line_1_10' title="bbox 558 1979 1512 2069; baseline -0.002 -23"><span class='ocrx_word' id='word_1_51' title='bbox 558 1983 766 2069; x_wconf 89' lang='lat' dir='ltr'><strong>periclitatur.</strong></span> <span class='ocrx_word' id='word_1_52' title='bbox 814 1981 895 2045; x_wconf 92' lang='lat' dir='ltr'><strong>Inde</strong></span> <span class='ocrx_word' id='word_1_53' title='bbox 917 1990 964 2043; x_wconf 85' lang='lat' dir='ltr'><strong>est</strong></span> <span class='ocrx_word' id='word_1_54' title='bbox 984 1979 1072 2064; x_wconf 93' lang='lat' dir='ltr'><strong>quod</strong></span> <span class='ocrx_word' id='word_1_55' title='bbox 1095 2002 1222 2044; x_wconf 89' lang='lat' dir='ltr'><strong>causam</strong></span> <span class='ocrx_word' id='word_1_56' title='bbox 1244 1979 1354 2044; x_wconf 87' lang='lat' dir='ltr'><strong>latoris</strong></span> <span class='ocrx_word' id='word_1_57' title='bbox 1373 2003 1512 2066; x_wconf 69' lang='lat' dir='ltr'><strong>praesen-</strong></span> 
     </span>
     <span class='ocr_line' id='line_1_11' title="bbox 559 2069 1512 2169; baseline -0.001 -21"><span class='ocrx_word' id='word_1_58' title='bbox 559 2069 653 2163; x_wconf 82' lang='lat' dir='ltr'><strong>tium,</strong></span> <span class='ocrx_word' id='word_1_59' title='bbox 664 2097 822 2169; x_wconf 90' lang='lat' dir='ltr'><strong>quatenus</strong></span> <span class='ocrx_word' id='word_1_60' title='bbox 837 2083 868 2145; x_wconf 97' lang='lat' dir='ltr'><strong>in</strong></span> <span class='ocrx_word' id='word_1_61' title='bbox 885 2081 1045 2146; x_wconf 90' lang='lat' dir='ltr'><strong>auditorio</strong></span> <span class='ocrx_word' id='word_1_62' title='bbox 1056 2093 1162 2145; x_wconf 91' lang='lat' dir='ltr'><strong>nostro</strong></span> <span class='ocrx_word' id='word_1_63' title='bbox 1177 2082 1330 2146; x_wconf 88' lang='lat' dir='ltr'><strong>ventilata</strong></span> <span class='ocrx_word' id='word_1_64' title='bbox 1340 2095 1400 2161; x_wconf 87' lang='lat' dir='ltr'><strong>est,</strong></span> <span class='ocrx_word' id='word_1_65' title='bbox 1415 2096 1512 2167; x_wconf 89' lang='lat' dir='ltr'><strong>prout</strong></span> 
     </span>
     <span class='ocr_line' id='line_1_12' title="bbox 559 2182 1511 2271; baseline 0 -22"><span class='ocrx_word' id='word_1_66' title='bbox 559 2185 653 2249; x_wconf 85' lang='lat' dir='ltr'><strong>series</strong></span> <span class='ocrx_word' id='word_1_67' title='bbox 662 2187 732 2271; x_wconf 89' lang='lat' dir='ltr'><strong>ejus</strong></span> <span class='ocrx_word' id='word_1_68' title='bbox 742 2185 773 2248; x_wconf 89' lang='lat' dir='ltr'><strong>in</strong></span> <span class='ocrx_word' id='word_1_69' title='bbox 788 2184 911 2252; x_wconf 89' lang='lat' dir='ltr'><strong>scriniis</strong></span> <span class='ocrx_word' id='word_1_70' title='bbox 920 2185 1036 2247; x_wconf 90' lang='lat' dir='ltr'><strong>nostris</strong></span> <span class='ocrx_word' id='word_1_71' title='bbox 1048 2182 1234 2268; x_wconf 88' lang='lat' dir='ltr'><strong>diligentius</strong></span> <span class='ocrx_word' id='word_1_72' title='bbox 1243 2183 1396 2268; x_wconf 88' lang='lat' dir='ltr'><strong>inquisita</strong></span> <span class='ocrx_word' id='word_1_73' title='bbox 1404 2186 1511 2269; x_wconf 85' lang='lat' dir='ltr'><strong>potuit</strong></span> 
     </span>
     <span class='ocr_line' id='line_1_13' title="bbox 561 2285 1514 2365; baseline 0.001 -15"><span class='ocrx_word' id='word_1_74' title='bbox 561 2287 706 2365; x_wconf 81' lang='lat' dir='ltr'><strong>inveniri,</strong></span> <span class='ocrx_word' id='word_1_75' title='bbox 730 2286 900 2351; x_wconf 85' lang='lat' dir='ltr'><strong>transferre</strong></span> <span class='ocrx_word' id='word_1_76' title='bbox 923 2289 1106 2350; x_wconf 83' lang='lat' dir='ltr'><strong>curavimus</strong></span> <span class='ocrx_word' id='word_1_77' title='bbox 1127 2285 1167 2349; x_wconf 93' lang='lat' dir='ltr'><strong>ad</strong></span> <span class='ocrx_word' id='word_1_78' title='bbox 1190 2285 1336 2350; x_wconf 86' lang='lat' dir='ltr'><strong>notitiam</strong></span> <span class='ocrx_word' id='word_1_79' title='bbox 1363 2300 1514 2364; x_wconf 89' lang='lat' dir='ltr'><strong>vestram,</strong></span> 
     </span>
     <span class='ocr_line' id='line_1_14' title="bbox 560 2386 1515 2473; baseline -0.003 -17"><span class='ocrx_word' id='word_1_80' title='bbox 560 2389 616 2473; x_wconf 84' lang='lat' dir='ltr'><strong>qui</strong></span> <span class='ocrx_word' id='word_1_81' title='bbox 643 2411 711 2451; x_wconf 88' lang='lat' dir='ltr'><strong>earn</strong></span> <span class='ocrx_word' id='word_1_82' title='bbox 740 2411 780 2455; x_wconf 80' lang='lat' dir='ltr'><strong>ex</strong></span> <span class='ocrx_word' id='word_1_83' title='bbox 804 2386 955 2451; x_wconf 91' lang='lat' dir='ltr'><strong>mandato</strong></span> <span class='ocrx_word' id='word_1_84' title='bbox 980 2387 1154 2472; x_wconf 86' lang='lat' dir='ltr'><strong>apostolico</strong></span> <span class='ocrx_word' id='word_1_85' title='bbox 1182 2386 1306 2455; x_wconf 85' lang='lat' dir='ltr'><strong>debetis</strong></span> <span class='ocrx_word' id='word_1_86' title='bbox 1335 2388 1515 2454; x_wconf 87' lang='lat' dir='ltr'><strong>terminare.</strong></span> 
     </span>
     <span class='ocr_line' id='line_1_15' title="bbox 562 2487 1513 2576; baseline -0.005 -22"><span class='ocrx_word' id='word_1_87' title='bbox 562 2493 697 2557; x_wconf 85' lang='lat' dir='ltr'><strong>Constat</strong></span> <span class='ocrx_word' id='word_1_88' title='bbox 712 2490 822 2576; x_wconf 86' lang='lat' dir='ltr'><strong>itaque</strong></span> <span class='ocrx_word' id='word_1_89' title='bbox 837 2489 922 2574; x_wconf 93' lang='lat' dir='ltr'><strong>quod</strong></span> <span class='ocrx_word' id='word_1_90' title='bbox 941 2511 998 2552; x_wconf 91' lang='lat' dir='ltr'><strong>nos</strong></span> <span class='ocrx_word' id='word_1_91' title='bbox 1018 2501 1153 2574; x_wconf 79' lang='lat' dir='ltr'><strong>urgente</strong></span> <span class='ocrx_word' id='word_1_92' title='bbox 1169 2489 1319 2559; x_wconf 88' lang='lat' dir='ltr'><strong>mandato</strong></span> <span class='ocrx_word' id='word_1_93' title='bbox 1333 2487 1436 2554; x_wconf 84' lang='lat' dir='ltr'><strong>felicis</strong></span> <span class='ocrx_word' id='word_1_94' title='bbox 1448 2513 1513 2559; x_wconf 69' lang='lat' dir='ltr'><strong>me.</strong></span> 
     </span>
     <span class='ocr_line' id='line_1_16' title="bbox 559 2588 1514 2676; baseline 0.001 -23"><span class='ocrx_word' id='word_1_95' title='bbox 559 2590 667 2659; x_wconf 85' lang='lat' dir='ltr'><strong>moriae</strong></span> <span class='ocrx_word' id='word_1_96' title='bbox 684 2589 823 2674; x_wconf 87' lang='lat' dir='ltr'><strong>Eugenii</strong></span> <span class='ocrx_word' id='word_1_97' title='bbox 839 2611 943 2676; x_wconf 85' lang='lat' dir='ltr'><strong>papae,</strong></span> <span class='ocrx_word' id='word_1_98' title='bbox 960 2589 1165 2674; x_wconf 88' lang='lat' dir='ltr'><strong>jamdictum</strong></span> <span class='ocrx_word' id='word_1_99' title='bbox 1184 2591 1229 2653; x_wconf 93' lang='lat' dir='ltr'><strong>H.</strong></span> <span class='ocrx_word' id='word_1_100' title='bbox 1240 2588 1280 2652; x_wconf 91' lang='lat' dir='ltr'><strong>de</strong></span> <span class='ocrx_word' id='word_1_101' title='bbox 1293 2590 1514 2661; x_wconf 88' lang='lat' dir='ltr'><strong>Hameledona</strong></span> 
     </span>
     <span class='ocr_line' id='line_1_17' title="bbox 559 2690 1512 2776; baseline 0.002 -22"><span class='ocrx_word' id='word_1_102' title='bbox 559 2692 600 2763; x_wconf 84' lang='lat' dir='ltr'><strong>ab</strong></span> <span class='ocrx_word' id='word_1_103' title='bbox 615 2692 701 2755; x_wconf 93' lang='lat' dir='ltr'><strong>omni</strong></span> <span class='ocrx_word' id='word_1_104' title='bbox 723 2691 927 2776; x_wconf 84' lang='lat' dir='ltr'><strong>obligatione,</strong></span> <span class='ocrx_word' id='word_1_105' title='bbox 948 2713 1022 2775; x_wconf 84' lang='lat' dir='ltr'><strong>quae</strong></span> <span class='ocrx_word' id='word_1_106' title='bbox 1037 2690 1078 2753; x_wconf 89' lang='lat' dir='ltr'><strong>ab</strong></span> <span class='ocrx_word' id='word_1_107' title='bbox 1097 2713 1137 2753; x_wconf 89' lang='lat' dir='ltr'><strong>eo</strong></span> <span class='ocrx_word' id='word_1_108' title='bbox 1151 2703 1278 2761; x_wconf 72' lang='lat' dir='ltr'><strong>extorta</strong></span> <span class='ocrx_word' id='word_1_109' title='bbox 1291 2692 1408 2768; x_wconf 85' lang='lat' dir='ltr'><strong>fuerat,</strong></span> <span class='ocrx_word' id='word_1_110' title='bbox 1425 2705 1458 2756; x_wconf 87' lang='lat' dir='ltr'><strong>et</strong></span> <span class='ocrx_word' id='word_1_111' title='bbox 1472 2716 1512 2763; x_wconf 76' lang='lat' dir='ltr'><strong>ex</strong></span> 
     </span>
     <span class='ocr_line' id='line_1_18' title="bbox 559 2791 1513 2888; baseline 0 -32"><span class='ocrx_word' id='word_1_112' title='bbox 559 2815 624 2888; x_wconf 86' lang='lat' dir='ltr'><strong>qua</strong></span> <span class='ocrx_word' id='word_1_113' title='bbox 634 2792 909 2857; x_wconf 86' lang='lat' dir='ltr'><strong>venerabilifratri</strong></span> <span class='ocrx_word' id='word_1_114' title='bbox 917 2804 1023 2856; x_wconf 89' lang='lat' dir='ltr'><strong>vestro</strong></span> <span class='ocrx_word' id='word_1_115' title='bbox 1034 2791 1246 2862; x_wconf 87' lang='lat' dir='ltr'><strong>Wintoniensi</strong></span> <span class='ocrx_word' id='word_1_116' title='bbox 1255 2791 1403 2880; x_wconf 88' lang='lat' dir='ltr'><strong>episcopo</strong></span> <span class='ocrx_word' id='word_1_117' title='bbox 1412 2793 1513 2857; x_wconf 91' lang='lat' dir='ltr'><strong>teneri</strong></span> 
     </span>
     <span class='ocr_line' id='line_1_19' title="bbox 559 2895 1516 2983; baseline 0.002 -24"><span class='ocrx_word' id='word_1_118' title='bbox 559 2895 739 2974; x_wconf 85' lang='lat' dir='ltr'><strong>videbatur,</strong></span> <span class='ocrx_word' id='word_1_119' title='bbox 763 2895 964 2965; x_wconf 81' lang='lat' dir='ltr'><strong>absolvimus</strong></span> <span class='ocrx_word' id='word_1_120' title='bbox 1011 2895 1060 2960; x_wconf 89' lang='lat' dir='ltr'><strong>Ut</strong></span> <span class='ocrx_word' id='word_1_121' title='bbox 1083 2918 1160 2980; x_wconf 89' lang='lat' dir='ltr'><strong>ergo</strong></span> <span class='ocrx_word' id='word_1_122' title='bbox 1182 2895 1391 2965; x_wconf 84' lang='lat' dir='ltr'><strong>absolutionis</strong></span> <span class='ocrx_word' id='word_1_123' title='bbox 1416 2896 1516 2983; x_wconf 89' lang='lat' dir='ltr'><strong>hujus</strong></span> 
     </span>
     <span class='ocr_line' id='line_1_20' title="bbox 560 2995 1517 3074; baseline -0.001 -11"><span class='ocrx_word' id='word_1_124' title='bbox 560 2999 643 3071; x_wconf 85' lang='lat' dir='ltr'><strong>ratio</strong></span> <span class='ocrx_word' id='word_1_125' title='bbox 665 2998 848 3063; x_wconf 84' lang='lat' dir='ltr'><strong>discretioni</strong></span> <span class='ocrx_word' id='word_1_126' title='bbox 874 3010 988 3061; x_wconf 86' lang='lat' dir='ltr'><strong>vestrae</strong></span> <span class='ocrx_word' id='word_1_127' title='bbox 1010 2995 1148 3068; x_wconf 86' lang='lat' dir='ltr'><strong>lucidius</strong></span> <span class='ocrx_word' id='word_1_128' title='bbox 1176 2997 1364 3074; x_wconf 87' lang='lat' dir='ltr'><strong>innotescat,</strong></span> <span class='ocrx_word' id='word_1_129' title='bbox 1391 2998 1517 3062; x_wconf 86' lang='lat' dir='ltr'><strong>litteras</strong></span> 
     </span>
     <span class='ocr_line' id='line_1_21' title="bbox 560 3097 1514 3187; baseline 0.002 -25"><span class='ocrx_word' id='word_1_130' title='bbox 560 3100 749 3185; x_wconf 87' lang='lat' dir='ltr'><strong>apostolicas</strong></span> <span class='ocrx_word' id='word_1_131' title='bbox 780 3101 870 3168; x_wconf 87' lang='lat' dir='ltr'><strong>vobis</strong></span> <span class='ocrx_word' id='word_1_132' title='bbox 900 3097 1037 3167; x_wconf 83' lang='lat' dir='ltr'><strong>exscribi</strong></span> <span class='ocrx_word' id='word_1_133' title='bbox 1067 3098 1280 3187; x_wconf 88' lang='lat' dir='ltr'><strong>praecipimus.</strong></span> <span class='ocrx_word' id='word_1_134' title='bbox 1324 3099 1378 3164; x_wconf 87' lang='lat' dir='ltr'><strong>Sic</strong></span> <span class='ocrx_word' id='word_1_135' title='bbox 1406 3099 1514 3186; x_wconf 88' lang='lat' dir='ltr'><strong>itaque</strong></span> 
     </span>
     <span class='ocr_line' id='line_1_22' title="bbox 560 3199 1514 3286; baseline 0.004 -23"><span class='ocrx_word' id='word_1_136' title='bbox 560 3202 713 3286; x_wconf 86' lang='lat' dir='ltr'><strong>scriptum</strong></span> <span class='ocrx_word' id='word_1_137' title='bbox 737 3215 784 3267; x_wconf 88' lang='lat' dir='ltr'><strong>est</strong></span> <span class='ocrx_word' id='word_1_138' title='bbox 805 3200 934 3267; x_wconf 87' lang='lat' dir='ltr'><strong>domino</strong></span> <span class='ocrx_word' id='word_1_139' title='bbox 954 3199 1170 3263; x_wconf 88' lang='lat' dir='ltr'><strong>Wintoniensi</strong></span> <span class='ocrx_word' id='word_1_140' title='bbox 1193 3223 1252 3286; x_wconf 92' lang='lat' dir='ltr'><strong>pro</strong></span> <span class='ocrx_word' id='word_1_141' title='bbox 1276 3204 1320 3265; x_wconf 92' lang='lat' dir='ltr'><strong>H.</strong></span> <span class='ocrx_word' id='word_1_142' title='bbox 1337 3200 1452 3266; x_wconf 90' lang='lat' dir='ltr'><strong>clerico</strong></span> <span class='ocrx_word' id='word_1_143' title='bbox 1474 3204 1514 3267; x_wconf 91' lang='lat' dir='ltr'><strong>de</strong></span> 
     </span>
     <span class='ocr_line' id='line_1_23' title="bbox 562 3300 1514 3385; baseline 0.002 -21"><span class='ocrx_word' id='word_1_144' title='bbox 562 3301 786 3371; x_wconf 89' lang='lat' dir='ltr'><strong>Hameledona.</strong></span> <span class='ocrx_word' id='word_1_145' title='bbox 831 3303 936 3372; x_wconf 79' lang='lat' dir='ltr'><strong>Juxta</strong></span> <span class='ocrx_word' id='word_1_146' title='bbox 951 3301 1079 3366; x_wconf 88' lang='lat' dir='ltr'><strong>Osberti</strong></span> <span class='ocrx_word' id='word_1_147' title='bbox 1093 3300 1198 3365; x_wconf 88' lang='lat' dir='ltr'><strong>clerici</strong></span> <span class='ocrx_word' id='word_1_148' title='bbox 1213 3301 1261 3369; x_wconf 89' lang='lat' dir='ltr'><strong>tui</strong></span> <span class='ocrx_word' id='word_1_149' title='bbox 1277 3306 1514 3385; x_wconf 77' lang='lat' dir='ltr'><strong>suggestionem</strong></span> 
     </span>
     <span class='ocr_line' id='line_1_24' title="bbox 558 3404 1511 3491; baseline 0.002 -23"><span class='ocrx_word' id='word_1_150' title='bbox 558 3404 750 3474; x_wconf 81' lang='lat' dir='ltr'><strong>fraternitati</strong></span> <span class='ocrx_word' id='word_1_151' title='bbox 762 3417 827 3471; x_wconf 87' lang='lat' dir='ltr'><strong>tuae</strong></span> <span class='ocrx_word' id='word_1_152' title='bbox 838 3427 895 3468; x_wconf 92' lang='lat' dir='ltr'><strong>nos</strong></span> <span class='ocrx_word' id='word_1_153' title='bbox 908 3405 1070 3491; x_wconf 89' lang='lat' dir='ltr'><strong>scripsisse</strong></span> <span class='ocrx_word' id='word_1_154' title='bbox 1081 3404 1295 3478; x_wconf 89' lang='lat' dir='ltr'><strong>meminimus,</strong></span> <span class='ocrx_word' id='word_1_155' title='bbox 1309 3406 1511 3489; x_wconf 87' lang='lat' dir='ltr'><strong>postmodum</strong></span> 
     </span>
     <span class='ocr_line' id='line_1_25' title="bbox 560 3505 1516 3592; baseline -0.003 -24"><span class='ocrx_word' id='word_1_156' title='bbox 560 3530 635 3571; x_wconf 90' lang='lat' dir='ltr'><strong>vero</strong></span> <span class='ocrx_word' id='word_1_157' title='bbox 648 3505 733 3574; x_wconf 92' lang='lat' dir='ltr'><strong>idem</strong></span> <span class='ocrx_word' id='word_1_158' title='bbox 757 3508 917 3574; x_wconf 88' lang='lat' dir='ltr'><strong>Osbertus</strong></span> <span class='ocrx_word' id='word_1_159' title='bbox 934 3510 966 3571; x_wconf 92' lang='lat' dir='ltr'><strong>in</strong></span> <span class='ocrx_word' id='word_1_160' title='bbox 989 3506 1160 3592; x_wconf 86' lang='lat' dir='ltr'><strong>praesentia</strong></span> <span class='ocrx_word' id='word_1_161' title='bbox 1180 3518 1289 3570; x_wconf 91' lang='lat' dir='ltr'><strong>nostra</strong></span> <span class='ocrx_word' id='word_1_162' title='bbox 1311 3528 1407 3592; x_wconf 89' lang='lat' dir='ltr'><strong>super</strong></span> <span class='ocrx_word' id='word_1_163' title='bbox 1427 3529 1516 3570; x_wconf 70' lang='lat' dir='ltr'><strong>men.</strong></span> 
     </span>
     <span class='ocr_line' id='line_1_26' title="bbox 561 3608 1515 3694; baseline 0 -21"><span class='ocrx_word' id='word_1_164' title='bbox 561 3609 651 3684; x_wconf 88' lang='lat' dir='ltr'><strong>dacio</strong></span> <span class='ocrx_word' id='word_1_165' title='bbox 665 3622 696 3674; x_wconf 94' lang='lat' dir='ltr'><strong>et</strong></span> <span class='ocrx_word' id='word_1_166' title='bbox 711 3610 793 3679; x_wconf 86' lang='lat' dir='ltr'><strong>falsa</strong></span> <span class='ocrx_word' id='word_1_167' title='bbox 816 3610 1019 3693; x_wconf 81' lang='lat' dir='ltr'><strong>suggestione</strong></span> <span class='ocrx_word' id='word_1_168' title='bbox 1041 3631 1098 3672; x_wconf 91' lang='lat' dir='ltr'><strong>sua</strong></span> <span class='ocrx_word' id='word_1_169' title='bbox 1118 3608 1301 3672; x_wconf 82' lang='lat' dir='ltr'><strong>confutatus</strong></span> <span class='ocrx_word' id='word_1_170' title='bbox 1323 3622 1420 3694; x_wconf 91' lang='lat' dir='ltr'><strong>atque</strong></span> <span class='ocrx_word' id='word_1_171' title='bbox 1442 3633 1515 3673; x_wconf 92' lang='lat' dir='ltr'><strong>con-</strong></span> 
     </span>
     <span class='ocr_line' id='line_1_27' title="bbox 560 3711 1514 3799; baseline 0.001 -25"><span class='ocrx_word' id='word_1_172' title='bbox 560 3711 664 3775; x_wconf 90' lang='lat' dir='ltr'><strong>victus</strong></span> <span class='ocrx_word' id='word_1_173' title='bbox 672 3711 791 3789; x_wconf 77' lang='lat' dir='ltr'><strong>extitit,</strong></span> <span class='ocrx_word' id='word_1_174' title='bbox 801 3713 951 3799; x_wconf 87' lang='lat' dir='ltr'><strong>quoniam</strong></span> <span class='ocrx_word' id='word_1_175' title='bbox 964 3711 1136 3797; x_wconf 78' lang='lat' dir='ltr'><strong>praedictus</strong></span> <span class='ocrx_word' id='word_1_176' title='bbox 1148 3712 1192 3775; x_wconf 90' lang='lat' dir='ltr'><strong>H.</strong></span> <span class='ocrx_word' id='word_1_177' title='bbox 1202 3733 1307 3797; x_wconf 87' lang='lat' dir='ltr'><strong>neque</strong></span> <span class='ocrx_word' id='word_1_178' title='bbox 1315 3736 1387 3775; x_wconf 93' lang='lat' dir='ltr'><strong>cum</strong></span> <span class='ocrx_word' id='word_1_179' title='bbox 1395 3712 1514 3787; x_wconf 91' lang='lat' dir='ltr'><strong>amicis,</strong></span> 
     </span>
     <span class='ocr_line' id='line_1_28' title="bbox 560 3812 1516 3901; baseline -0.001 -24"><span class='ocrx_word' id='word_1_180' title='bbox 560 3837 664 3899; x_wconf 91' lang='lat' dir='ltr'><strong>neque</strong></span> <span class='ocrx_word' id='word_1_181' title='bbox 680 3837 751 3877; x_wconf 91' lang='lat' dir='ltr'><strong>curn</strong></span> <span class='ocrx_word' id='word_1_182' title='bbox 764 3814 875 3901; x_wconf 84' lang='lat' dir='ltr'><strong>rapina</strong></span> <span class='ocrx_word' id='word_1_183' title='bbox 890 3814 1037 3882; x_wconf 89' lang='lat' dir='ltr'><strong>inventus</strong></span> <span class='ocrx_word' id='word_1_184' title='bbox 1049 3812 1098 3876; x_wconf 88' lang='lat' dir='ltr'><strong>vel</strong></span> <span class='ocrx_word' id='word_1_185' title='bbox 1113 3827 1227 3899; x_wconf 87' lang='lat' dir='ltr'><strong>captus</strong></span> <span class='ocrx_word' id='word_1_186' title='bbox 1242 3813 1315 3882; x_wconf 86' lang='lat' dir='ltr'><strong>fuit.</strong></span> <span class='ocrx_word' id='word_1_187' title='bbox 1360 3815 1516 3891; x_wconf 83' lang='lat' dir='ltr'><strong>Quocirca</strong></span> 
     </span>
     <span class='ocr_line' id='line_1_29' title="bbox 559 3913 1513 4000; baseline -0.001 -24"><span class='ocrx_word' id='word_1_188' title='bbox 559 3913 632 3978; x_wconf 90' lang='lat' dir='ltr'><strong>licet</strong></span> <span class='ocrx_word' id='word_1_189' title='bbox 649 3915 731 3979; x_wconf 91' lang='lat' dir='ltr'><strong>sicut</strong></span> <span class='ocrx_word' id='word_1_190' title='bbox 743 3914 886 3982; x_wconf 85' lang='lat' dir='ltr'><strong>homines</strong></span> <span class='ocrx_word' id='word_1_191' title='bbox 899 3914 1003 3999; x_wconf 90' lang='lat' dir='ltr'><strong>decipi</strong></span> <span class='ocrx_word' id='word_1_192' title='bbox 1018 3914 1209 4000; x_wconf 90' lang='lat' dir='ltr'><strong>quandoque</strong></span> <span class='ocrx_word' id='word_1_193' title='bbox 1221 3935 1397 3998; x_wconf 74' lang='lat' dir='ltr'><strong>possumus</strong></span> <span class='ocrx_word' id='word_1_194' title='bbox 1409 3925 1513 3982; x_wconf 89' lang='lat' dir='ltr'><strong>tamen</strong></span> 
     </span>
     <span class='ocr_line' id='line_1_30' title="bbox 562 4013 1514 4097; baseline -0.001 -19"><span class='ocrx_word' id='word_1_195' title='bbox 562 4030 599 4078; x_wconf 94' lang='lat' dir='ltr'><strong>ut</strong></span> <span class='ocrx_word' id='word_1_196' title='bbox 619 4016 782 4078; x_wconf 89' lang='lat' dir='ltr'><strong>occasione</strong></span> <span class='ocrx_word' id='word_1_197' title='bbox 805 4016 983 4081; x_wconf 88' lang='lat' dir='ltr'><strong>litterarum</strong></span> <span class='ocrx_word' id='word_1_198' title='bbox 1006 4031 1183 4086; x_wconf 86' lang='lat' dir='ltr'><strong>nostrarum</strong></span> <span class='ocrx_word' id='word_1_199' title='bbox 1209 4014 1369 4076; x_wconf 87' lang='lat' dir='ltr'><strong>Henricus</strong></span> <span class='ocrx_word' id='word_1_200' title='bbox 1383 4013 1451 4097; x_wconf 89' lang='lat' dir='ltr'><strong>ipse</strong></span> <span class='ocrx_word' id='word_1_201' title='bbox 1466 4014 1514 4077; x_wconf 90' lang='lat' dir='ltr'><strong>in-</strong></span> 
     </span>
     <span class='ocr_line' id='line_1_31' title="bbox 555 4114 1513 4200; baseline 0.002 -23"><span class='ocrx_word' id='word_1_202' title='bbox 555 4116 644 4200; x_wconf 88' lang='lat' dir='ltr'><strong>juste</strong></span> <span class='ocrx_word' id='word_1_203' title='bbox 667 4127 832 4194; x_wconf 87' lang='lat' dir='ltr'><strong>tractetur,</strong></span> <span class='ocrx_word' id='word_1_204' title='bbox 854 4114 903 4178; x_wconf 91' lang='lat' dir='ltr'><strong>vel</strong></span> <span class='ocrx_word' id='word_1_205' title='bbox 926 4116 1166 4188; x_wconf 87' lang='lat' dir='ltr'><strong>condamnetur,</strong></span> <span class='ocrx_word' id='word_1_206' title='bbox 1189 4137 1245 4184; x_wconf 83' lang='lat' dir='ltr'><strong>nec</strong></span> <span class='ocrx_word' id='word_1_207' title='bbox 1272 4115 1432 4191; x_wconf 87' lang='lat' dir='ltr'><strong>volumus,</strong></span> <span class='ocrx_word' id='word_1_208' title='bbox 1456 4138 1513 4189; x_wconf 89' lang='lat' dir='ltr'><strong>nec</strong></span> 
     </span>
     <span class='ocr_line' id='line_1_32' title="bbox 560 4212 1515 4301; baseline 0 -22"><span class='ocrx_word' id='word_1_209' title='bbox 560 4213 629 4300; x_wconf 86' lang='lat' dir='ltr'><strong>pati</strong></span> <span class='ocrx_word' id='word_1_210' title='bbox 659 4212 821 4276; x_wconf 81' lang='lat' dir='ltr'><strong>debemus.</strong></span> <span class='ocrx_word' id='word_1_211' title='bbox 866 4214 1008 4297; x_wconf 87' lang='lat' dir='ltr'><strong>Ideoque</strong></span> <span class='ocrx_word' id='word_1_212' title='bbox 1038 4236 1095 4297; x_wconf 89' lang='lat' dir='ltr'><strong>per</strong></span> <span class='ocrx_word' id='word_1_213' title='bbox 1116 4212 1284 4298; x_wconf 73' lang='lat' dir='ltr'><strong>prasentia</strong></span> <span class='ocrx_word' id='word_1_214' title='bbox 1306 4214 1364 4279; x_wconf 90' lang='lat' dir='ltr'><strong>tibi</strong></span> <span class='ocrx_word' id='word_1_215' title='bbox 1396 4217 1515 4301; x_wconf 86' lang='lat' dir='ltr'><strong>scripta</strong></span> 
     </span>
     <span class='ocr_line' id='line_1_33' title="bbox 561 4309 1583 4399; baseline 0.003 -20"><span class='ocrx_word' id='word_1_216' title='bbox 561 4316 747 4380; x_wconf 87' lang='lat' dir='ltr'><strong>mandamus</strong></span> <span class='ocrx_word' id='word_1_217' title='bbox 762 4326 858 4397; x_wconf 90' lang='lat' dir='ltr'><strong>atque</strong></span> <span class='ocrx_word' id='word_1_218' title='bbox 874 4309 1089 4397; x_wconf 81' lang='lat' dir='ltr'><strong>praecipimus,</strong></span> <span class='ocrx_word' id='word_1_219' title='bbox 1102 4314 1188 4399; x_wconf 91' lang='lat' dir='ltr'><strong>quod</strong></span> <span class='ocrx_word' id='word_1_220' title='bbox 1203 4316 1288 4378; x_wconf 91' lang='lat' dir='ltr'><strong>omni</strong></span> <span class='ocrx_word' id='word_1_221' title='bbox 1304 4318 1466 4381; x_wconf 88' lang='lat' dir='ltr'><strong>occasione</strong></span> <span class='ocrx_word' id='word_1_222' title='bbox 1482 4329 1513 4381; x_wconf 89' lang='lat' dir='ltr'><strong>et</strong></span> <span class='ocrx_word' id='word_1_223' title='bbox 1581 4367 1583 4372; x_wconf 24' lang='grc' dir='ltr'>ι</span> 
     </span>
     <span class='ocr_line' id='line_1_34' title="bbox 563 4410 1514 4505; baseline -0.004 -24"><span class='ocrx_word' id='word_1_224' title='bbox 563 4417 713 4494; x_wconf 89' lang='lat' dir='ltr'><strong>dilatione</strong></span> <span class='ocrx_word' id='word_1_225' title='bbox 729 4427 859 4495; x_wconf 86' lang='lat' dir='ltr'><strong>remota,</strong></span> <span class='ocrx_word' id='word_1_226' title='bbox 871 4410 1004 4477; x_wconf 89' lang='lat' dir='ltr'><strong>eundem</strong></span> <span class='ocrx_word' id='word_1_227' title='bbox 1022 4417 1069 4481; x_wconf 77' lang='lat' dir='ltr'><strong>H.</strong></span> <span class='ocrx_word' id='word_1_228' title='bbox 1083 4415 1240 4484; x_wconf 88' lang='lat' dir='ltr'><strong>restitutis</strong></span> <span class='ocrx_word' id='word_1_229' title='bbox 1255 4418 1413 4499; x_wconf 90' lang='lat' dir='ltr'><strong>omnibus,</strong></span> <span class='ocrx_word' id='word_1_230' title='bbox 1425 4442 1514 4505; x_wconf 63' lang='lat' dir='ltr'><strong>quae.</strong></span> 
     </span>
    </p>
   </div>
   <div class='ocr_carea' id='block_1_5' title="bbox 0 0 1947 5725">
    <p class='ocr_par' dir='ltr' id='par_1_5' title="bbox 0 0 1947 5725">
     <span class='ocr_line' id='line_1_35' title="bbox 0 0 1947 5725; baseline 0 0"><span class='ocrx_word' id='word_1_231' title='bbox 0 0 1947 5725; x_wconf 95' lang='lat' dir='ltr'><strong> </strong></span> 
     </span>
    </p>
   </div>
  </div>
 </body>
</html>
