3875 5725
514 866 577 926 268
770 877 907 923 rolucus
923 877 1203 923 saursuuumusrs
1375 861 1422 940 [a.
1437 879 1474 935 n,

516 1141 736 1205 EPISTOLA
762 1142 986 1204 CLXV-ru
1002 1159 1178 1205 nroauouru
1195 1159 1352 1204 rnarrturr
1368 1159 1474 1203 suoru.

875 1240 921 1324 [a.
939 1264 969 1306 n.
991 1243 1099 1322 trouu

822 1393 964 1456 Ricardo
971 1393 1082 1475 fratri
1096 1412 1164 1455 ouo.

559 1535 597 1598 St
616 1536 766 1597 affectum
789 1543 844 1595 aut
865 1553 979 1615 preces
1001 1555 1021 1594 a
1042 1543 1098 1595 tua
1121 1535 1310 1598 salutatione
1332 1557 1470 1618 suspeu-

516 1635 635 1713 derem,
649 1635 728 1697 mihi
750 1635 861 1697 salutis
882 1635 1032 1718 propriae,
1048 1656 1119 1718 quac
1142 1636 1211 1699 sine
1235 1647 1289 1699 tua
1310 1658 1378 1700 esse
1399 1658 1468 1699 nou

516 1746 635 1820 potest,
660 1736 771 1799 merito
800 1735 924 1798 viderer
955 1736 1072 1815 gaudia
1097 1738 1307 1819 praeclusisse.
1362 1737 1470 1813 Quum

515 1861 590 1923 ergo
605 1861 675 1902 eam
691 1839 731 1901 de
746 1859 834 1900 more
849 1839 1054 1901 scribentium
1070 1837 1110 1899 ad
1126 1839 1248 1901 amicos
1270 1841 1387 1922 pagina
1401 1861 1467 1903 nou

514 1941 728 2025 praetenderit,
757 1961 822 2001 uon
853 1940 928 2001 facit
955 1940 1018 2002 hoe
1050 1939 1194 2002 delectus
1232 1942 1384 2016 caritatiS,
1414 1951 1472 2002 aut

515 2063 595 2105 meae
611 2040 882 2125 pusillanimitatis
897 2051 1013 2116 motus,
1029 2039 1086 2101 sed
1109 2041 1338 2122 contemplatio
1355 2060 1469 2102 neces·

516 2145 619 2208 sitatis
641 2154 714 2208 tuae.
760 2144 806 2204 Ut
827 2163 902 2222 ergo
924 2163 996 2203 meo
1023 2141 1063 2203 de
1086 2152 1117 2204 te
1143 2141 1300 2204 desiderio
1323 2142 1471 2218 satisfiat,

515 2245 601 2308 illius
615 2255 646 2306 te
665 2229 785 2306 salutis¹
797 2243 1042 2326 participatione
1065 2245 1180 2305 salutet
1195 2244 1387 2321 Altissimus,
1403 2264 1471 2326 qua

514 2345 603 2424 virgo
617 2365 783 2426 puerpera,
797 2343 889 2424 cujus
904 2344 1214 2423 incorruptissimam
1235 2356 1374 2407 mentem
1395 2366 1468 2408 esse

515 2457 546 2510 et
561 2446 656 2508 luisse
671 2466 736 2506 non
757 2445 896 2524 ambigo,
913 2445 1016 2506 filiurn
1039 2466 1130 2507 suum
1153 2447 1367 2510 sincerissima
1389 2448 1471 2510 cari·

513 2556 578 2610 tate
596 2545 747 2628 cupiebat
768 2566 838 2608 esse
861 2547 1042 2609 salutatum.
1087 2548 1216 2610 Miraris
1239 2550 1369 2611 sortasse
1391 2569 1469 2611 oum

514 2647 646 2729 populo,
661 2654 782 2708 etcum
799 2645 912 2708 amicis
933 2645 1034 2722 doles,
1050 2647 1138 2730 quod
1159 2669 1284 2730 pacem,
1301 2671 1373 2732 quae
1389 2649 1470 2711 mihi

514 2769 534 2811 a
555 2747 755 2810 serenissimo
777 2747 851 2827 rege
876 2747 1001 2826 Angliae
1026 2749 1134 2811 oblata
1159 2749 1277 2812 dicitur
1301 2770 1472 2827 esse,·non

514 2849 633 2933 recepi,
654 2848 828 2933 praesertim
854 2871 952 2932 quum
980 2849 1169 2913 litteratores
1191 2864 1223 2915 et
1245 2853 1390 2916 meliores
1412 2852 1473 2915 riri

515 2973 582 3015 non
608 2950 704 3014 modo
727 2950 922 3028 admiserint,
945 2949 1003 3012 sed
1029 2952 1179 3014 ariditate
1206 2955 1366 3037 rapuerint
1387 2975 1470 3016 eam.

516 3053 704 3117 Memineris
720 3062 826 3115 autem
842 3073 913 3113 enm
928 3054 988 3114 sub
1012 3074 1050 3115 ea
1071 3054 1150 3116 mihi
1165 3055 1263 3117 fuisso
1286 3056 1472 3118 conditione

516 3156 667 3231 oblatam,
690 3176 753 3236 qua
775 3155 879 3229 Naue,
896 3155 951 3235 qui
974 3157 1103 3218 vertitur
1123 3157 1158 3218 in
1180 3174 1370 3240 serpentem,
1384 3157 1473 3241 prin-

516 3276 594 3336 ceps
609 3255 746 3316 filiorum
762 3257 879 3326 Amon‚
896 3255 950 3335 qui
965 3268 1181 3341 coangustans
1203 3281 1241 3321 ac
1259 3262 1474 3343 comprimens

516 3365 573 3431 est,
588 3366 643 3417 aut
663 3356 802 3437 populus
825 3356 979 3429 moeroris,
996 3357 1029 3417 iu
1053 3359 1325 3423 consoederatione
1345 3363 1474 3425 volebat

514 3454 657 3534 recipere
676 3454 868 3515 habitatores
889 3453 999 3530 Jabes,
1015 3476 1087 3537 quae
1110 3458 1228 3520 dicitur
1243 3462 1417 3530 exsiccata,
1432 3461 1470 3522 in

515 3552 650 3629 Galaad,
665 3552 776 3615 aculeo
793 3553 945 3615 videlicet
966 3556 1149 3618 testimonii.
1195 3561 1303 3641 lnquit
1325 3560 1409 3621 enim
1433 3561 1469 3624 in

517 3656 690 3739 Scriptura,
706 3654 836 3717 Feriam
852 3655 1011 3719 uobiscum
1022 3659 1145 3738 soedus,
1159 3662 1189 3721 si
1203 3681 1313 3724 eruum
1327 3664 1472 3725 omnium

444 3753 450 3760 ⁸
517 3768 656 3824 oestrum
678 3759 785 3819 oculor
810 3758 963 3832 deuteron,
988 3780 1170 3843 porrumque
1191 3784 1244 3825 uos
1267 3766 1474 3845 opprobrium

519 3862 678 3954 universis
688 3862 789 3942 filiis,
804 3862 976 3942 etfitribus
990 3864 1104 3926 Israel.
1148 3866 1316 3928 Potueram
1332 3889 1473 3949 namque

517 3962 659 4045 recipere
682 3982 753 4044 quae
774 3962 865 4038 mihi,
879 3973 915 4025 ut
935 3965 1059 4046 opinor,
1073 3986 1130 4046 per
1152 3962 1297 4045 injuriam
1324 3967 1470 4029 auserun-

518 4070 580 4137 tur,
595 4060 622 4121 si
637 4070 755 4122 aeterna
769 4062 882 4123 vellem
906 4056 1075 4147 usquequa
1098 4074 1303 4146 postponere,
1320 4078 1351 4129 et
1372 4069 1470 4130 liber-

515 4168 614 4220 tatem
641 4160 772 4240 spiritus
802 4159 993 4241 pernicios0,
1021 4174 1054 4225 et
1082 4174 1167 4226 certe
1198 4169 1468 4247 periculosissimo

516 4269 638 4322 arctare
656 4259 849 4341 juramento.
895 4264 933 4324 In
957 4285 1016 4325 suo
1039 4285 1134 4328 sensu
1159 4266 1296 4352 quisque
1319 4272 1470 4335 abundat.

516 4360 592 4442 Ego
607 4359 754 4423 dextmm
775 4362 903 4424 oculum
927 4363 960 4424 in
986 4366 1166 4431 coelestium
1187 4374 1469 4456 contemplatione,

465 4532 468 4539 ,
516 4473 551 4527 ot
569 4460 634 4527 lide
657 4459 875 4541 invisibilium,
892 4473 924 4526 et
947 4465 1122 4530 futurorum
1146 4491 1203 4554 spe
1227 4477 1379 4557 occupari
1403 4496 1468 4536 non
