3875 5725
419 870 528 949 llus]
790 880 972 926 narsaeus.
1302 866 1366 923 279

412 1038 515 1100 refert.
560 1038 645 1098 Nam
667 1036 862 1118 quicumque
883 1054 941 1116 pro
955 1031 1084 1115 justitia
1105 1032 1233 1114 patitur,
1248 1039 1365 1111 martyr

413 1148 472 1210 est,
497 1134 531 1197 id
556 1144 604 1197 est
629 1136 735 1197 Testis
762 1132 902 1217 justitiae‚
933 1145 1069 1195 assertor
1099 1129 1364 1194 causae'Christi.

413 1237 478 1300 Sed
509 1257 659 1319 quorsum
685 1233 776 1298 haecl
827 1235 903 1297 Scio
938 1234 1036 1310 enim,
1072 1232 1247 1296 secundum
1277 1232 1364 1315 quod

413 1339 562 1426 praesagit
577 1339 711 1413 animus,
728 1335 816 1420 quod
838 1357 897 1399 rex
917 1347 1050 1400 eatenus
1070 1358 1136 1398 non
1153 1336 1364 1409 convalescet,

414 1449 449 1500 ut
466 1439 505 1502 de
521 1440 691 1502 securitate
708 1439 761 1517 agi
776 1449 931 1521 oporteat,
942 1449 975 1500 et
990 1438 1065 1521 quia
1078 1439 1134 1500 illa
1148 1437 1367 1500 robustissima

414 1542 564 1603 columna
589 1540 701 1620 templi
725 1540 813 1614 dicit,
840 1539 927 1620 quod
955 1539 1108 1622 quicquid
1134 1537 1239 1618 agitis,
1262 1540 1366 1601 extol·

327 1635 329 1638 ⁴
415 1642 522 1702 lentiae
546 1651 604 1715 est,
619 1651 674 1703 aut
696 1639 760 1701 irae.
801 1639 889 1701 Huic
905 1639 1052 1720 opinioni
1067 1637 1296 1700 occurrendum
1319 1649 1369 1701 est

416 1740 615 1806 exhibitione
627 1739 864 1814 moderationis,
873 1750 937 1802 tam
953 1740 986 1808 in
1003 1740 1096 1801 sactis
1111 1750 1143 1800 et
1154 1736 1259 1813 dictis,
1271 1760 1367 1821 quam

418 1843 452 1904 in
470 1849 562 1920 gestu
577 1851 608 1902 et
623 1841 754 1914 habitu;
777 1837 864 1922 quod
882 1848 990 1902 tamen
1011 1838 1097 1921 apud
1113 1840 1289 1901 Dominum
1304 1860 1370 1901 non

419 1943 552 2005 multum
568 1941 710 2024 prodest,
726 1941 786 2003 nisi
805 1939 845 2002 de
861 1961 977 2004 arcano
993 1940 1196 2004 conscientias
1212 1938 1354 2023 prodeat.

464 2044 514 2106 De
536 2043 663 2123 negotio
694 2041 924 2111 saresberiensi
953 2042 1073 2119 recolo,
1096 2041 1184 2127 quod
1211 2052 1369 2125 exparte

419 2146 562 2229 episcopi
592 2156 624 2207 et
653 2143 811 2223 ecclesias,
837 2144 877 2206 de
903 2145 1080 2207 intrusione
1110 2143 1236 2218 decani,
1262 2144 1371 2207 audiri
1432 2171 1443 2192 ·

420 2249 596 2326 vobiscum,
613 2259 644 2310 et
659 2246 886 2330 episcoporum
909 2247 1193 2324 circumventione,
1209 2248 1264 2331 qui
1286 2246 1372 2330 epis·

420 2371 534 2432 copum
567 2360 599 2411 et
628 2348 812 2412 Ecclesiam
849 2369 907 2411 suo
937 2349 1074 2411 consilio
1103 2347 1302 2412 induxerunt
1330 2348 1373 2411 ad

420 2450 701 2531 transgressionem
723 2448 893 2529 apostolici
916 2449 1077 2512 mandatit
1106 2451 1187 2512 etsi
1210 2450 1297 2532 apud
1318 2451 1376 2512 ho-

420 2551 533 2625 mines,
563 2551 647 2612 siout
671 2549 743 2632 jure
773 2560 904 2611 cautum
934 2559 993 2626 est,
1017 2550 1098 2612 nulli
1125 2552 1375 2632 patrocinabitur

424 2651 517 2713 dolus
539 2671 625 2725 suus,
640 2650 741 2710 multo
763 2649 871 2710 minus
885 2650 1139 2730 patrocinabitur
1153 2651 1240 2732 apud
1263 2653 1376 2714 Domi·

420 2773 508 2827 num,
523 2747 578 2833 qui
594 2748 758 2831 disperdet
779 2749 866 2811 labia
886 2748 1010 2819 dolosa,
1026 2761 1059 2812 et
1081 2748 1284 2833 pmdentiam
1300 2772 1374 2833 pru-

422 2852 551 2915 dentum
577 2850 769 2934 reprobabit.
815 2850 860 2913 Et
883 2849 969 2912 sicut
995 2850 1073 2913 mihi
1104 2851 1145 2914 ab
1172 2852 1250 2915 urbe
1276 2853 1374 2933 signi·

423 2953 553 3017 ficetum
582 2962 643 3025 est,
673 2962 706 3014 et
735 2972 794 3032 ego
820 2951 910 3013 vobis
941 2951 1107 3034 scripsisse
1145 2974 1195 3016 me
1233 2952 1375 3029 memini,

424 3054 573 3117 dominus
598 3073 683 3135 papa
698 3050 768 3133 jam
792 3061 926 3115 vestram
949 3052 1141 3115 sententiam
1165 3054 1374 3135 confirmarit,

423 3156 488 3219 imo
503 3175 592 3216 suam
609 3153 784 3215 vindicavit
797 3152 957 3235 injuriam.

468 3257 518 3318 De
548 3255 762 3338 appellatione
790 3254 1015 3339 episcoporum
1040 3256 1119 3341 quid
1148 3258 1283 3323 sentiam
1312 3281 1378 3323 non

425 3357 539 3432 silebo,
555 3356 630 3439 quia
652 3356 742 3419 liberi
764 3376 834 3419 esse
857 3358 982 3434 nolunt,
997 3344 1095 3421 timeo
1111 3380 1152 3422 ne
1172 3370 1379 3443 perpetuetur

426 3480 535 3523 eorum
560 3457 703 3534 servitus,
723 3456 795 3541 jure
819 3457 959 3541 quidem,
984 3460 1059 3542 quia
1081 3482 1180 3544 quum
1205 3482 1309 3524 annus
1330 3482 1379 3527 re·

426 3562 587 3626 missionis
609 3560 747 3636 adesset,
769 3582 872 3625 annus
894 3561 1045 3626 videlicet
1066 3563 1185 3644 gratiae,
1209 3562 1378 3629 ecclesiam

426 3663 459 3726 in
474 3664 652 3727 libertatem
669 3662 843 3737 evocantis,
859 3676 932 3746 post
947 3684 1007 3727 sex
1020 3685 1123 3726 annos
1138 3664 1255 3746 quibus
1269 3665 1380 3735 afflicti

426 3773 526 3839 erant,
554 3762 647 3845 quasi
670 3762 705 3822 in
729 3763 797 3824 luto
821 3773 853 3823 et
876 3763 987 3838 latere,
1011 3763 1201 3837 maluerunt,
1226 3783 1265 3823 eo
1292 3764 1379 3845 quod

428 3860 560 3942 quidam
590 3879 699 3922 eorum
729 3878 847 3921 uxores
877 3859 1046 3935 duxerant,
1069 3880 1203 3942 quarum
1233 3872 1380 3927 tenentur

428 3962 608 4031 affectione,
632 3960 685 4023 alii
708 3960 789 4044 juga
817 3959 915 4021 boum
944 3951 1081 4042 plurima
1110 3959 1300 4041 adunarunt,
1324 3964 1379 4027 alii

428 4062 686 4126 thesaurizabant
706 4060 887 4144 pecuniam,
906 4060 1088 4132 nescientes
1110 4072 1215 4131 tamen
1231 4064 1284 4135 cui
1300 4084 1378 4133 cona

431 4174 587 4242 gregatur,
603 4164 657 4225 alii
680 4163 750 4226 aliis
770 4172 802 4225 et
817 4162 910 4225 variis
924 4162 1141 4244 voluptatibus
1164 4184 1198 4226 se
1214 4162 1379 4244 dederunt,

432 4272 465 4324 et
479 4274 640 4344 premente
662 4285 695 4326 se
709 4266 789 4347 jugo
812 4264 873 4327 sibi
896 4264 1090 4348 placentium
1106 4264 1263 4342 vitiorum,
1278 4269 1380 4331 melu·

432 4374 533 4439 erunt,
554 4362 696 4443 inquam,
718 4365 751 4425 in
775 4366 908 4449 antiqua
932 4366 1080 4430 servitute
1102 4368 1213 4443 teneri,
1235 4380 1268 4431 et
1289 4389 1379 4431 aures

430 4487 503 4536 suas
524 4464 679 4558 perforari
709 4466 823 4530 subula
849 4478 1012 4549 perpetuae
1042 4469 1213 4547 servitutis,
1239 4454 1385 4552 quisse
