3875 5725
494 867 688 946 llos-64]
863 883 1040 928 aersrouu.
1381 865 1441 924 las

491 1036 638 1111 transiret
652 1038 829 1120 amplexus.
876 1033 1036 1096 Praeterea
1058 1055 1157 1118 quum
1180 1031 1225 1095 ibi
1247 1053 1314 1115 proe
1336 1033 1443 1113 turba,

490 1152 522 1203 et
546 1138 651 1203 mariti
673 1135 723 1201 sui
744 1139 951 1222 perversitate
972 1157 1034 1197 uon
1059 1146 1164 1219 posset
1186 1132 1302 1211 audiri,
1323 1134 1363 1198 ad
1387 1134 1442 1198 do-

491 1241 613 1302 minum
629 1239 883 1302 Wintoniensem
905 1250 975 1301 tum
998 1237 1178 1321 apostolicae
1200 1235 1283 1299 sedis
1300 1234 1440 1320 legatum

489 1341 630 1417 accessit,
646 1353 678 1405 et
694 1340 775 1404 sicut
791 1339 875 1404 idem
893 1344 958 1403 suis
973 1339 1090 1402 litteris
1109 1339 1297 1412 testabatur,
1313 1337 1440 1401 tandem

491 1466 548 1528 per
570 1443 757 1506 sententiam
783 1443 852 1527 ejus
873 1441 1026 1516 obtinuit,
1049 1453 1086 1505 ut
1112 1444 1142 1504 ei
1164 1443 1274 1504 relicta
1298 1440 1444 1505 adultera

490 1542 625 1608 maritus
640 1567 717 1607 suus
733 1543 964 1608 restitueretur.
1011 1543 1122 1627 Ipsum
1140 1564 1270 1627 quoque
1283 1542 1441 1627 judicium

491 1646 631 1730 episcopi
662 1645 896 1708 Wintoniensis
925 1643 1114 1707 auctoritate
1143 1643 1226 1706 sedis
1262 1645 1443 1728 apostolicae
1468 1691 1470 1695 -

492 1745 619 1809 dicebat
633 1744 829 1819 roboratum,
840 1747 991 1828 quoniam
1004 1742 1256 1827 eamjamdictus
1267 1744 1443 1830 episcopus,

492 1846 570 1910 dum
597 1869 670 1910 eum
697 1858 1000 1921 controversaretur,
1023 1845 1265 1925 consultaverat,
1289 1847 1444 1931 scriptum

491 1948 614 2012 consilii
636 1972 656 2011 a
677 1948 807 2011 domino
833 1947 1019 2012 Innocentio
1034 1959 1151 2012 sanctae
1177 1948 1336 2012 memoriae
1363 1971 1446 2034 prae-

492 2048 653 2114 decessore
670 2062 786 2126 vestro,
803 2061 839 2112 ut
858 2048 995 2123 aiebant,
1011 2062 1183 2134 receperat,
1198 2047 1231 2112 in
1253 2049 1322 2113 haec
1337 2052 1444 2117 verba.

492 2154 561 2214 Nos
583 2151 666 2215 euim
688 2149 858 2237 originales
880 2173 1057 2237 nunquam,
1073 2149 1128 2213 sed
1151 2150 1271 2215 domini
1285 2151 1444 2216 Wintoni-

480 2253 573 2318 'ensis
584 2253 707 2318 litteras
720 2276 816 2339 super
831 2252 891 2316 hoc
902 2251 1061 2317 duntaxat
1077 2252 1267 2338 accepimus.
1306 2255 1444 2340 “Super

489 2377 527 2417 eo
542 2355 630 2442 quod
645 2350 864 2439 interrogastis
879 2354 919 2417 de
935 2369 1131 2418 sacramento
1145 2354 1286 2441 conjugii
1304 2355 1453 2420 breviter-

488 2457 675 2542 respondeo,
691 2456 776 2518 illam
794 2478 889 2541 quam
906 2455 1016 2520 dixisti
1039 2481 1059 2521 a
1080 2469 1171 2540 patre
1186 2456 1353 2541 conjugem
1378 2470 1441 2521 tra-

489 2555 601 2633 ditam,
617 2568 648 2619 et
665 2557 705 2619 ab
721 2579 759 2618 eo
773 2579 831 2619 cur
846 2554 963 2619 tradita
978 2556 1083 2620 fuerat
1105 2578 1233 2621 rursum
1257 2555 1341 2642 patri
1356 2581 1442 2621 com-

490 2657 684 2732 mendatam,
696 2657 796 2720 donec
812 2667 933 2721 statuta
947 2657 1000 2720 die
1016 2657 1047 2719 in
1063 2680 1151 2720 suam
1168 2657 1221 2722 ille
1236 2659 1366 2724 domum
1379 2673 1443 2724 tra·

492 2757 633 2831 duceret,
660 2757 732 2819 dico
762 2755 838 2840 quia
864 2755 1007 2838 legitimo
1035 2778 1188 2820 consensu
1217 2759 1445 2823 interveniente

492 2882 531 2923 ex
548 2882 586 2922 eo
601 2856 708 2921 statim
724 2858 842 2941 conjux
857 2855 931 2931 fuit,
948 2878 1014 2940 quo
1029 2869 1202 2941 spontanea
1215 2860 1362 2943 pactione
1376 2883 1443 2924 sese

492 2960 661 3045 conjugem
688 2980 755 3021 esse
780 2956 946 3020 consensit.
990 2958 1064 3018 Non
1090 2960 1173 3020 enim
1198 2959 1344 3021 futurum
1372 2983 1445 3045 pro-

490 3061 690 3136 mittebatur,
729 3056 783 3122 sed
820 3080 956 3144 praesens
992 3058 1190 3123 firmabatur.
1243 3061 1445 3147 Quapropter

491 3160 643 3247 quicquid
665 3172 775 3246 postea
804 3182 876 3223 cum
903 3158 964 3222 alia
979 3159 1100 3222 factum
1127 3172 1185 3235 est,
1202 3159 1267 3223 sive
1287 3161 1319 3225 in
1342 3166 1441 3239 coitu,

493 3262 559 3325 sive
580 3266 612 3326 in
635 3261 837 3346 generatione
859 3260 967 3347 prolis,
984 3273 1074 3326 tanto
1095 3263 1373 3347 reprehensibilius
1394 3281 1442 3329 est

491 3364 678 3439 secundum,
694 3377 816 3449 quanto
838 3363 941 3428 verius
963 3364 1113 3449 primum.
1159 3366 1333 3431 Constante
1358 3366 1441 3430 enim

489 3466 603 3553 primo,
633 3478 755 3553 quanto
793 3463 931 3551 amplius
968 3466 1002 3528 in
1043 3467 1182 3530 secundo
1220 3468 1442 3551 committitur,

490 3582 580 3634 tauto
597 3569 697 3653 magis
712 3568 807 3654 culpa
822 3571 989 3654 augetur.''
1034 3568 1115 3631 Inde
1137 3592 1237 3655 quum
1253 3594 1295 3636 ex
1317 3584 1442 3657 aposto·

490 3671 553 3735 lico
575 3672 695 3757 scripto
716 3670 812 3735 fuerit
835 3670 1011 3734 divortium
1034 3669 1241 3752 celebratum,
1256 3695 1313 3735 nec
1334 3672 1442 3757 elapso

488 3772 652 3849 decennio,
675 3783 732 3835 aut
755 3769 892 3855 amplius
916 3771 956 3835 sit
978 3770 1087 3854 aliquo
1105 3772 1189 3856 juris
1211 3773 1351 3835 remedio
1373 3795 1443 3836 sen·

489 3874 590 3937 tentia
604 3884 807 3957 attemptata,
821 3869 903 3933 illud
918 3894 986 3934 esse
1006 3872 1242 3935 matrimonium
1258 3871 1440 3938 habendum

488 3972 577 4059 quod
603 3975 728 4059 legatus
754 3971 945 4048 conciliavit,
973 3987 1004 4037 et
1033 3971 1250 4035 adulterinum
1280 3996 1347 4037 esse
1375 3998 1445 4038 am·-

487 4073 630 4157 plexum,
642 4097 738 4158 quem
751 4073 840 4137 sedes
850 4072 1022 4159 apostolica
1033 4072 1264 4139 condemnavit.
1297 4075 1351 4138 Ad
1363 4075 1442 4156 baec,

483 4170 551 4255 jam
568 4195 629 4237 non
642 4189 688 4239 est
700 4176 732 4239 in
749 4175 926 4261 quaestione
938 4189 1048 4239 utrum
1060 4175 1188 4241 illorum
1204 4176 1440 4243 matrimonium

488 4272 598 4348 fuerit,
614 4297 713 4357 quum
737 4275 796 4339 hoc
819 4277 940 4363 liqueat
955 4300 996 4341 ex
1014 4300 1048 4340 re
1066 4275 1223 4363 judicata,
1239 4301 1279 4341 ex
1303 4279 1442 4344 divortio

489 4372 658 4450 celebrato,
673 4397 713 4438 ex
728 4398 765 4440 eo
781 4377 868 4462 quod
885 4401 989 4466 usqua
1010 4379 1050 4441 ad
1073 4378 1141 4442 dies
1156 4380 1231 4444 vitae
1254 4381 1441 4443 novissimos

488 4473 599 4538 relicta
624 4473 769 4539 adultera
794 4478 891 4562 priori
908 4480 1047 4550 cohaesit
1075 4480 1177 4543 uxori.
1223 4485 1261 4545 ln
1293 4479 1446 4544 omnibus
