3875 5725
506 827 614 906 llus]
900 849 1079 895 umsronm.
1397 841 1459 898 247

500 999 731 1080 respondemus
761 1001 888 1076 affectu,
921 1004 1011 1065 Deus
1050 1015 1154 1066 autem
1186 1005 1301 1067 caritas
1338 1019 1455 1068 nostrae

498 1100 620 1163 caritati
650 1100 863 1184 proculdubio
893 1103 1102 1185 respondebit
1132 1108 1259 1182 effectu,
1289 1122 1325 1169 ut
1354 1106 1452 1190 juxta

496 1200 585 1284 quod
607 1203 764 1284 promisit,
790 1225 968 1267 mensuram
993 1206 1111 1270 bonam
1136 1215 1168 1268 et
1193 1207 1397 1288 coagitatam,
1420 1219 1452 1270 et

494 1303 777 1386 supereffluentem
797 1289 944 1368 refundat
958 1306 992 1368 iu
1013 1309 1119 1369 sinum
1135 1318 1284 1370 vestrum.
1330 1311 1369 1371 In
1386 1331 1449 1391 qua

495 1414 602 1469 autem
638 1406 825 1470 conditione
861 1421 1000 1470 versetur
1036 1430 1134 1472 causa
1169 1421 1283 1487 vestra,
1319 1411 1450 1474 domino

493 1505 649 1589 episcopo
664 1508 789 1588 scripsi,
805 1518 838 1571 et
851 1508 971 1570 exinde
992 1531 1063 1592 quae
1086 1509 1174 1572 circa
1195 1531 1254 1571 uos
1270 1523 1343 1574 sunt
1356 1511 1449 1575 nobis

495 1606 622 1688 plenius
633 1609 848 1670 innotescent:
865 1629 978 1690 precor
992 1610 1100 1691 itaque
1116 1619 1151 1671 ut
1161 1611 1449 1692 peregrinationem

495 1719 637 1770 nostram
651 1709 762 1771 vestris
772 1720 996 1772 etsanctorum
1013 1711 1068 1792 qui
1085 1711 1171 1792 apud
1182 1733 1238 1773 vos
1249 1723 1323 1775 suut
1334 1714 1448 1776 oratio·

495 1808 592 1870 nibus
614 1809 781 1892 adjuvetis,
802 1831 842 1872 ne
863 1811 992 1875 deficiat
1013 1811 1095 1873 fides
1115 1823 1231 1886 nostra,
1248 1823 1303 1875 aut
1326 1813 1447 1895 aliquid

495 1909 651 1973 faciamus
666 1911 707 1973 ad
724 1912 884 1974 turbinem
900 1912 996 1994 hujus
1010 1912 1171 1995 procellae‚
1187 1912 1272 1975 unde
1289 1913 1449 1977 Dominus

492 2011 685 2088 offendatur,
699 2012 757 2076 sed
779 2012 866 2097 quod
888 2034 981 2076 suum
997 2024 1046 2076 est
1061 2014 1167 2093 faciat,
1182 2035 1255 2076 cum
1271 2014 1447 2078 tentatione

492 2112 590 2175 etiam
611 2125 816 2196 proventum:
841 2113 1019 2196 etquidem
1035 2115 1104 2199 jam
1128 2116 1227 2197 coepi,
1242 2115 1318 2198 quia
1338 2126 1369 2178 et
1391 2116 1446 2179 de-

493 2214 654 2277 votionem
670 2216 804 2278 contulit
818 2237 875 2298 pro
886 2213 1013 2297 justitia
1027 2214 1183 2297 patiendi,
1194 2225 1227 2276 et
1240 2216 1445 2279 acerbitatem

492 2314 647 2398 mitigavit
671 2317 777 2379 exilii:
813 2317 914 2379 levius
944 2317 1031 2378 enim
1057 2326 1105 2378 est
1135 2317 1232 2378 modo
1259 2337 1356 2399 quam
1386 2317 1445 2381 fnit

490 2416 543 2480 die
573 2420 686 2501 prima
740 2418 906 2502 Numquid
933 2419 1021 2482 enim
1048 2417 1171 2501 aliquid
1198 2416 1299 2482 defuit
1324 2417 1442 2481 nobis?

490 2540 598 2582 nonne
610 2521 695 2583 euim
711 2522 819 2603 plures
835 2521 990 2583 habemus
1005 2520 1102 2582 modo
1119 2532 1212 2583 notos
1224 2530 1255 2582 et
1267 2521 1445 2596 familiares,

489 2621 592 2702 etqui
612 2640 753 2683 amorem
776 2642 871 2703 quem
894 2618 1091 2702 profitentur,
1108 2621 1285 2683 officiorum
1300 2633 1332 2684 et
1345 2622 1444 2684 bene·

491 2720 638 2783 liciorum
658 2721 856 2784 exhibitione
878 2719 1102 2784 declararunt?
1142 2722 1285 2783 Afferunt
1306 2743 1382 2802 ergo
1403 2721 1444 2785 ad

489 2822 608 2885 amoris
625 2821 922 2906 comprobationem
945 2821 1162 2884 testimonium
1181 2820 1283 2904 majus
1300 2822 1444 2885 Joanne:

382 2943 386 2949 ·
488 2924 688 3007 operaenim
711 2944 782 3006 quae
804 2922 867 3006 ipsi
890 2923 1013 2985 faciunt
1035 2922 1250 2985 testimonium
1274 2923 1443 3006 perhibent

489 3029 531 3116 de
546 3027 602 3089 eis,

489 3288 714 3353 EPISTOLA
736 3289 943 3353 CLVI.—-an
958 3304 1136 3350 aroannam
1152 3304 1309 3349 nmrasu
1326 3304 1429 3349 suum.

858 3390 902 3469 [r.
916 3409 946 3453 n.
966 3388 1077 3466 nea]

840 3528 880 3588 R.
897 3526 1013 3589 Fratri
1026 3545 1093 3587 suo.

531 3649 612 3711 ΤΙΒΙ
627 3648 796 3731 perpaucis
817 3646 942 3728 scripsi,
958 3646 1034 3728 quia
1051 3655 1167 3707 statum
1190 3666 1295 3706 meum
1311 3655 1374 3707 tam
1397 3668 1440 3709 ex

488 3749 602 3812 litteris
624 3748 755 3810 domino
778 3746 933 3829 episcopo
956 3743 1071 3818 missis,
1089 3763 1185 3825 quam
1207 3764 1250 3804 ex
1272 3743 1344 3823 ipsa
1359 3765 1438 3807 voce

487 3850 597 3912 latoris
626 3868 791 3931 agnosces.
836 3847 943 3917 Quum
974 3865 1048 3905 vero
1079 3843 1156 3925 quid
1180 3844 1281 3904 relatu
1306 3843 1439 3923 dignum

487 3950 659 4031 emerserit,
684 3949 766 4013 illud
794 3947 856 4010 tibi
879 3944 1058 4027 significare
1089 3965 1154 4005 nou
1185 3942 1338 4006 differam.
1387 3946 1439 4009 Tu

488 4074 563 4115 vero
576 4053 700 4116 interim
714 4050 884 4116 consilium
899 4060 932 4112 et
946 4048 1143 4111 voluntatem
1159 4045 1280 4109 domini
1295 4046 1439 4132 episcopi

488 4161 521 4214 et
554 4152 733 4235 M[agistri]
775 4150 969 4231 Blaldwini]
1007 4148 1236 4212 Archidiaconi
1272 4148 1439 4230 diligenter

488 4253 631 4335 explora,
656 4266 688 4317 et
713 4255 854 4318 animum
885 4255 1017 4317 aliorum
1043 4251 1230 4325 amicorum,
1257 4262 1292 4314 ut
1321 4272 1362 4313 ex
1388 4252 1439 4314 his

489 4364 618 4416 anctore
642 4355 784 4417 Domino
808 4366 862 4419 aut
883 4355 1050 4427 rescribas,
1077 4364 1132 4417 aut
1157 4352 1328 4436 exequaris
1353 4352 1439 4434 quod

378 4516 384 4528 ,
489 4452 629 4517 maxime
645 4454 803 4517 videbitur
814 4455 974 4537 expedire.
1007 4457 1076 4518 Nec
1091 4476 1185 4539 super
1200 4475 1271 4516 meo
1286 4452 1441 4515 movearis
