3875 5725
590 834 651 893 lot
857 849 995 895 mamus
1010 848 1271 897 sannsnnrnnnsr
1442 834 1486 914 [a.
1503 853 1534 898 n.

588 997 775 1082 petitionem
801 1000 892 1073 hanc,
920 1000 945 1062 si
971 997 1031 1063 hoc
1057 1014 1162 1064 tamen
1188 1001 1337 1065 auderem
1366 1002 1536 1088 postulare,

584 1098 719 1163 dominis
739 1101 816 1165 meis
835 1101 1050 1165 cardinalibus
1070 1125 1126 1188 per
1147 1124 1273 1166 manum
1297 1118 1433 1168 vestram
1454 1104 1536 1168 desi-

582 1199 661 1264 dero
675 1201 871 1287 praesentari,
881 1216 913 1268 et
927 1226 1076 1289 responsa
1088 1227 1197 1268 eorum
1214 1228 1271 1291 per
1280 1206 1403 1271 litteras
1418 1218 1536 1272 vestras

579 1325 729 1387 recrpere.

623 1405 767 1471 Celebris
788 1406 874 1470 fama
895 1419 943 1472 est
965 1406 1129 1473 dominum
1150 1430 1265 1493 papam
1286 1410 1327 1473 ad
1352 1409 1531 1476 Galliarum

578 1507 657 1570 fines
677 1509 833 1573 accedere.
880 1510 928 1573 Ut
948 1532 1026 1594 ergo
1047 1511 1228 1595 promptius
1249 1509 1296 1573 illi
1318 1524 1349 1575 et
1374 1513 1463 1575 vobis
1484 1537 1534 1576 oc-

578 1633 754 1687 curramuS‚
771 1635 821 1674 me
836 1634 892 1697 per
909 1611 1040 1675 latorem
1063 1612 1279 1698 praesentium,
1296 1615 1322 1676 si
1342 1616 1458 1699 placet,
1479 1616 1535 1677 ad-

577 1711 680 1777 bibita
698 1713 857 1779 celeritate
882 1724 1084 1800 praemonete.
1131 1716 1223 1780 Vivat
1249 1729 1280 1779 et
1303 1716 1408 1781 valeat
1428 1729 1534 1803 pater·

579 1814 660 1879 uitas
677 1830 791 1897 restra,
805 1839 925 1881 memor
940 1817 1001 1881 mei
1018 1817 1049 1880 in
1065 1818 1262 1883 orationibus
1278 1819 1354 1884 suis.
1453 1809 1454 1812 ¹

726 2142 948 2205 EPISTOLA
972 2142 1377 2207 CIV.-nncnnn1uanns.

743 2296 867 2360 Joonni
881 2299 968 2364 Scor.
987 2307 1018 2362 et
1031 2303 1131 2364 Joaa.
1147 2301 1246 2365 Paul.
1265 2301 1363 2366 Card.

618 2429 672 2494 Aa
701 2429 828 2494 ineunte
862 2441 955 2496 aetate
990 2432 1157 2517 amplexus
1193 2431 1418 2510 obedientiam,
1449 2434 1528 2499 nihil

572 2532 690 2596 exinde
704 2531 732 2594 ei
749 2531 889 2616 praetuli,
909 2554 969 2616 pro
992 2554 1057 2616 qua
1079 2533 1120 2596 ab
1140 2530 1232 2596 initio
1254 2532 1402 2598 universa
1422 2537 1529 2600 omnia

571 2634 696 2720 reliqui.
743 2636 851 2712 Quum
879 2656 954 2697 vero
975 2634 1096 2721 placuit
1122 2636 1151 2698 ei
1174 2634 1230 2720 qui
1255 2659 1306 2698 me
1331 2638 1467 2714 vocavit,
1491 2653 1527 2703 ut

571 2759 708 2823 puerum
732 2759 824 2801 suum
849 2736 1071 2800 Cantuariensi
1090 2737 1228 2801 ecclesiae
1250 2730 1525 2822 praeflcerenlicet

572 2839 754 2926 iudignum,
776 2838 854 2905 nihil
878 2851 988 2926 postea
1009 2839 1118 2925 potius
1139 2839 1272 2919 credidi,
1294 2863 1390 2926 quam
1415 2855 1451 2906 ut
1476 2866 1525 2906 me

572 2956 690 3007 sanctae
705 2943 844 3008 ecclesiae
858 2945 1011 3007 Romanae
1027 2955 1094 3006 tota
1110 2942 1278 3007 devotione
1294 2942 1524 3022 submitterem,

571 3058 603 3110 et
624 3046 652 3108 ei
673 3046 863 3109 famulatum
885 3069 945 3131 pro
966 3045 1087 3109 viribus
1109 3068 1232 3131 semper
1252 3047 1523 3132 promptissimum

571 3146 763 3211 exhiberem.
794 3146 880 3209 Mihi
893 3146 1105 3229 voluptaserit
1117 3162 1149 3210 et
1160 3146 1272 3230 gloria,
1281 3168 1383 3210 meam
1392 3148 1524 3233 singulis

570 3249 671 3325 annis,
693 3263 749 3310 aut
774 3248 890 3331 saepius
916 3245 1117 3310 devotionem
1144 3248 1210 3311 sedi
1235 3250 1417 3333 apostolicae
1443 3273 1524 3336 prae-

570 3360 702 3412 sentare.
744 3349 848 3411 Miror
863 3359 969 3410 autem
986 3360 1016 3411 et
1032 3347 1203 3413 admodum
1219 3348 1322 3423 doleo,
1340 3352 1427 3434 quod
1443 3374 1522 3436 quo-

568 3449 715 3512 rumdam
731 3448 930 3513 dominornm
947 3470 1089 3511 meorum
1108 3448 1316 3513 cardinalium
1333 3450 1412 3514 citra
1427 3453 1519 3514 meri·

568 3564 636 3615 tum
648 3572 755 3615 meum
767 3552 800 3614 in
813 3573 863 3613 me
872 3550 1036 3614 incanduit
1048 3550 1236 3635 indignatio.
1261 3551 1345 3614 Mihi
1359 3551 1519 3638 siqnidem

567 3653 599 3717 in
623 3653 711 3717 nullo
733 3655 877 3718 conscius
900 3674 988 3715 sum:
1021 3674 1132 3716 verum
1155 3655 1181 3716 si
1201 3652 1335 3738 deliqui,
1357 3653 1521 3718 humiliter

568 3756 811 3822 satisfacientem
826 3754 997 3819 admittant
1016 3755 1056 3819 ad
1072 3755 1224 3839 gratiam:
1256 3757 1282 3819 si
1302 3778 1364 3819 non
1386 3755 1520 3843 deliqui,

567 3860 782 3924 misericordia
807 3872 838 3924 et
860 3860 950 3945 justo
976 3858 1107 3923 Domini
1130 3859 1358 3923 interveniente
1382 3857 1519 3941 judicio,

566 3962 647 4025 bene
662 3986 784 4049 semper
799 3961 839 4025 de
854 3974 969 4027 caetero
984 3973 1214 4045 promerentem
1230 3961 1371 4024 fraterna
1386 3961 1519 4025 caritate

566 4063 731 4146 recipiant,
761 4078 793 4128 et
822 4086 842 4127 a
875 4063 1092 4149 persecutione
1126 4076 1293 4137 cessanteS,
1323 4065 1424 4126 nostri
1454 4086 1518 4128 non

567 4164 725 4227 declinent
750 4164 925 4229 famulatus
950 4165 1113 4250 obsequia.
1159 4168 1277 4228 Nostra
1307 4164 1374 4227 haec
1404 4166 1519 4251 petitio

566 4268 678 4330 vestris
703 4267 850 4329 manibus
873 4280 1107 4350 promoveatur,
1129 4267 1207 4351 quia
1232 4268 1418 4332 nuntiorum
1446 4291 1514 4331 nos·

565 4382 686 4434 trorum
700 4368 865 4456 praesentia
877 4367 983 4430 minus
994 4368 1073 4430 bene
1085 4379 1211 4454 recepta
1221 4383 1296 4435 esta
1311 4369 1515 4455 quibusdam.

566 4470 682 4537 Sinceri
698 4472 812 4538 amoris
827 4493 936 4534 secura
951 4482 1000 4534 est
1015 4470 1137 4555 petitio.
