3875 5725
431 894 627 970 ilua-61]
828 906 1008 952 aeternna.
1340 893 1382 952 96

430 1062 539 1141 nostri,
555 1073 586 1125 et
603 1081 700 1146 quam
724 1080 834 1122 sumus
854 1079 910 1121 nos
933 1058 1006 1144 ipsi,
1029 1069 1086 1122 aut
1101 1056 1200 1122 nostri
1217 1079 1276 1143 pro
1291 1057 1381 1120 nobis

429 1163 544 1228 exinde
565 1163 700 1248 gratiam
723 1161 876 1240 habituri,
897 1183 960 1223 non
990 1164 1065 1225 satis
1094 1159 1294 1246 exploratum
1323 1170 1381 1221 est.

431 1265 579 1350 Languet
595 1264 677 1328 enim
691 1264 881 1348 plerumque
892 1261 997 1348 gratia
1008 1264 1245 1337 defunctorum,
1261 1274 1292 1325 et
1308 1281 1382 1324 cum

433 1370 511 1453 ipsis
521 1371 707 1432 meritorum
722 1369 874 1430 memoria
888 1365 1001 1431 leviter
1016 1365 1184 1429 evanescit,
1209 1366 1381 1449 Speremus

412 1481 547 1547 tamen,
563 1481 594 1534 et
612 1470 733 1534 utinam
755 1490 826 1553 spes
846 1480 956 1531 nostra
980 1467 1103 1531 nullum
1125 1465 1313 1542 confundat,
1335 1465 1384 1527 in-

431 1570 606 1634 valescente
628 1569 758 1633 caritate
780 1569 812 1630 in
835 1568 987 1633 cordibus
1009 1571 1182 1632 amicorum
1202 1578 1382 1630 nostrorum

432 1693 489 1756 per
506 1669 660 1754 Spiritum
679 1671 843 1733 Sanctum.
888 1673 940 1732 Tu
952 1692 1028 1732 vero
1044 1692 1083 1733 ne
1097 1669 1177 1755 quid
1188 1670 1221 1731 in
1236 1666 1382 1731 fraudem

432 1770 531 1855 hujus
559 1769 770 1853 indulgentiae
793 1769 900 1843 facias,
924 1768 1027 1832 modis
1055 1769 1202 1832 omuibus
1230 1789 1383 1853 praecave,

434 1870 637 1958 certus,quia
648 1871 776 1957 justitia
786 1868 916 1933 Domini
929 1870 1048 1934 nullius
1063 1870 1200 1933 hominis
1215 1890 1320 1932 errore
1331 1868 1386 1931 de-

434 1971 569 2038 luditur.
595 1973 642 2038 Ad
657 1974 724 2036 baec
735 1975 768 2036 in
780 1972 1003 2058 promovendis
1013 1971 1161 2058 precibus
1171 1971 1287 2035 nostris
1297 1968 1385 2056 apud

434 2075 597 2139 dominum
619 2097 726 2160 regem
753 2097 848 2159 super
867 2074 996 2159 negotio
1018 2072 1207 2138 Exoniensis
1232 2070 1384 2148 ecclesiae,

434 2174 635 2239 dilectionem
658 2188 691 2238 et
721 2173 918 2259 diligentiam
950 2188 1036 2238 tuam
1066 2172 1290 2259 experiendam
1319 2195 1386 2237 esse

434 2276 642 2352 decrevimus,
664 2289 812 2359 rogantes
832 2278 986 2340 attentius
1002 2289 1039 2339 ut
1059 2298 1096 2339 ea
1111 2276 1154 2339 sic
1170 2297 1331 2361 procures,
1347 2285 1384 2340 ut

436 2379 497 2443 hoc
512 2379 663 2443 absentiae
678 2391 709 2441 et
727 2377 847 2442 domini
862 2378 958 2462 regis,
976 2391 1008 2441 ct
1029 2392 1095 2442 tuae
1117 2377 1291 2441 habeamus
1306 2378 1387 2441 sola·

436 2479 527 2558 tium,
542 2492 574 2542 et
589 2479 735 2564 promissi
750 2478 884 2542 invicem
906 2479 1023 2544 amoris
1037 2491 1070 2542 et
1084 2477 1230 2564 obsequii
1250 2476 1387 2542 certissi-

435 2601 523 2642 mum
539 2591 775 2663 argumentum.
821 2579 860 2641 In
876 2601 913 2641 eo
929 2590 1036 2642 autem
1057 2599 1167 2642 sumus
1180 2576 1327 2651 articulo,
1348 2588 1386 2644 ut

437 2678 601 2742 consilium
617 2691 762 2742 nostrum
777 2691 958 2762 suspectum
975 2699 1117 2743 essenon
1133 2676 1259 2752 debeat,
1273 2690 1306 2740 et
1321 2700 1387 2763 quo

438 2801 501 2842 non
526 2779 727 2858 auderemus,
757 2780 933 2865 praesertim
957 2780 989 2842 in
1019 2778 1236 2843 ecclesiasticis
1265 2777 1388 2863 aliquid

438 2880 608 2967 postulare,
632 2880 719 2966 quod
743 2902 805 2943 non
828 2880 995 2943 credamus
1020 2878 1159 2944 Domino
1181 2879 1388 2962 placiturum,

439 2994 471 3045 et
486 2979 625 3043 ecclesiae
639 2992 671 3043 et
687 3000 785 3064 regno
800 2976 988 3053 conducere,
1004 2988 1037 3041 et
1051 2975 1155 3039 modis
1172 2977 1321 3040 omnibus
1335 3001 1390 3043 ex-

438 3084 558 3170 pedire.
581 3082 705 3170 Utique
716 3082 742 3146 si
757 3104 822 3144 rem
832 3080 985 3165 grandem
999 3092 1188 3166 peteremus,
1199 3079 1389 3145 confidimus

439 3209 505 3249 esse
527 3208 584 3249 nos
605 3183 790 3248 audiendos.
837 3181 887 3245 De
918 3182 1083 3259 monacho,
1107 3181 1164 3267 qui
1186 3205 1219 3265 se
1240 3182 1389 3247 abbatem

442 3285 552 3351 Boxel.
564 3286 659 3371 gerit,
672 3285 807 3349 rescribe
820 3283 1015 3348 voluntatem
1032 3282 1152 3347 domini
1167 3284 1253 3368 regis
1268 3294 1300 3349 et
1315 3306 1389 3349 con·

440 3387 546 3453 silium
561 3401 664 3452 tuum.

441 3667 583 3730 EPIST.
614 3667 844 3731 mixta-an
867 3682 1074 3727 annaalssau
1099 3682 1141 3725 nn
1161 3682 1390 3728 aunaasanar.

484 3802 635 3873 Quorms
649 3820 792 3883 personae
804 3795 1025 3859 ecclesiasticae
1033 3794 1199 3878 omnijure
1210 3803 1392 3881 contempto

441 3896 1067 3983 ecclesiasticasimpuguantSanctiones,
1075 3914 1113 3957 en
1123 3892 1252 3978 quidem
1262 3893 1393 3978 gravius

442 4000 612 4083 puniendae
628 4014 714 4075 snut,
730 3995 846 4083 quoad
860 3994 1014 4078 sacrilegii
1026 3993 1142 4057 crimen
1154 4005 1186 4055 et
1202 3992 1303 4057 scelus
1317 4016 1393 4080 apo-

444 4099 548 4163 stasiae
555 4097 792 4185 quodammodo
799 4092 1115 4159 videnturaccedere.
1134 4093 1392 4180 locossiquidem

444 4198 555 4260 merito
576 4218 743 4264 exercetur
764 4196 919 4261 acerbitas
935 4194 1020 4279 juris
1035 4193 1093 4279 qui
1113 4195 1172 4258 sub
1196 4194 1308 4259 babitu
1323 4196 1393 4260 reli·

444 4299 556 4383 gionis,
578 4314 609 4364 et
638 4301 775 4385 quodam
798 4298 896 4385 impio
919 4296 1073 4360 velamine
1103 4293 1233 4381 pietatis
1263 4296 1393 4381 impune

440 4398 598 4483 justitiam
623 4400 807 4463 subvertere
829 4398 1016 4461 moliuntur.
1062 4399 1135 4460 Hoc
1162 4399 1210 4460 tui
1233 4418 1299 4458 esse
1321 4417 1394 4480 pro·

444 4498 540 4586 positi
557 4520 641 4584 saepe
656 4498 851 4573 audivimus,
872 4511 904 4561 et
921 4499 946 4560 si
963 4519 1035 4560 vera
1050 4509 1125 4561 sunt
1140 4517 1214 4580 quae
1229 4494 1392 4572 dicuntur,
