3875 5725
556 859 598 918 92
814 870 949 916 Jonnnrs
965 869 1243 914 ssacsnrutmnsrs
1410 851 1454 931 [n.
1473 869 1503 912 o.

554 1022 683 1086 dinibus
694 1046 760 1086 esse
770 1038 943 1087 contentos.
970 1021 1059 1083 Sicut
1071 1035 1176 1085 autern
1192 1020 1306 1083 iterata
1317 1019 1503 1082 clericorum

554 1121 594 1185 de
623 1122 790 1186 Dorbisria
817 1120 1022 1186 lacrimabilis
1051 1121 1167 1184 indicat
1202 1117 1411 1206 querimonia,
1438 1120 1504 1205 jam

553 1223 659 1287 dictus
682 1223 806 1287 Alanus
826 1223 1010 1286 mandatum
1033 1236 1174 1286 nostruin
1201 1221 1256 1286 diu
1281 1220 1504 1284 fraudulenter

553 1325 739 1410 suppressit,
756 1325 855 1389 donec
876 1326 943 1410 ipse
960 1337 992 1388 et
1013 1324 1182 1409 complices
1204 1323 1253 1384 sui
1276 1345 1365 1386 suam
1388 1320 1419 1383 in
1443 1323 1507 1384 dis-

554 1426 709 1511 positione
724 1448 901 1511 pauperum
917 1426 1081 1510 potuerint
1096 1423 1238 1509 explesse
1254 1424 1457 1508 pravitatem,
1473 1441 1505 1486 et

553 1529 645 1612 quasi
674 1551 727 1590 eos
756 1527 796 1591 ad
825 1528 960 1591 vetitum
992 1540 1099 1589 nostra
1125 1524 1298 1610 prohibitio
1324 1529 1504 1600 animasset,

554 1627 738 1692 imminente
753 1627 949 1692 solemnitate
967 1627 1111 1690 Paschali
1129 1626 1318 1703 sacerdotes,
1331 1626 1450 1710 quibus
1465 1650 1503 1689 ex

553 1730 738 1793 necessitate
768 1730 953 1792 sacramenti
985 1751 1108 1792 sacrum
1141 1727 1279 1790 chrisma
1310 1730 1416 1792 deesse
1443 1751 1504 1791 non

513 1897 519 1912 ,
554 1844 691 1917 poterat,
712 1831 792 1895 illud
815 1854 919 1896 emere
939 1831 1173 1915 compulerunt.
1220 1829 1313 1906 Quod
1339 1852 1435 1914 quam
1465 1831 1505 1895 sit

555 1933 651 1996 sacris
673 1933 844 1997 canonibus
864 1932 1032 1996 adversum
1055 1930 1157 1994 fidelis
1179 1932 1269 1994 novit
1290 1931 1429 2011 ecclesia,
1448 1955 1506 1995 nec

554 2035 614 2120 ipsi
631 2047 776 2118 poterant
792 2035 948 2116 ignorare,
958 2055 1059 2119 quum
1075 2045 1197 2096 constet
1213 2047 1329 2097 sanctae
1344 2034 1505 2096 memoriae

556 2137 734 2200 Gauterum
751 2134 932 2220 episcopum
949 2147 1087 2198 vestrum
1104 2134 1163 2196 hac
1179 2133 1391 2198 venditionem
1407 2134 1504 2198 chris·

556 2236 648 2300 matis
663 2235 749 2320 apud
767 2259 822 2298 vos
844 2235 1078 2311 condemnasse,
1094 2251 1126 2301 et
1142 2236 1202 2300 sub
1218 2235 1418 2299 anathemate
1433 2260 1505 2321 pro-

556 2338 710 2411 hibuisse,
726 2361 765 2399 ne
781 2337 913 2402 ulterius
933 2337 1130 2402 distrahatur
1152 2338 1191 2401 ad
1214 2337 1362 2424 pretium.
1408 2337 1504 2401 Unde

557 2438 684 2526 quidam
715 2438 756 2502 ad
786 2462 842 2503 nos
867 2439 1028 2503 venientes
1057 2438 1247 2514 detulerunt,
1276 2463 1308 2502 se
1334 2461 1354 2501 a
1381 2440 1506 2502 Joanne

557 2540 759 2614 Lexoviensi,
789 2553 822 2604 et
857 2539 1065 2625 complicibus
1095 2540 1160 2604 suis
1194 2538 1377 2624 gravamina
1406 2539 1507 2604 multa

556 2664 729 2728 perpessos.
775 2642 912 2719 Quidam
936 2642 1030 2706 etiam
1053 2654 1236 2728 queruntur
1260 2642 1346 2729 quod
1372 2665 1426 2704 eos
1450 2664 1506 2726 per

555 2744 797 2830 appellationem
815 2745 855 2808 ad
872 2767 929 2808 nos
940 2745 1057 2807 factam
1073 2744 1114 2807 ab
1129 2744 1233 2808 officio
1245 2767 1302 2807 suo
1315 2744 1506 2828 suspendere

555 2862 685 2912 conatus
701 2847 752 2913 sit.
799 2846 879 2910 Inde
895 2859 941 2911 est
957 2846 1045 2933 quod
1068 2845 1250 2913 discretioni
1266 2860 1380 2911 vestrae
1396 2847 1506 2933 praeci-

554 2950 670 3035 piendo
685 2951 882 3025 mandamus,
900 2954 1053 3034 quatinus
1068 2951 1113 3013 rei
1125 2951 1290 3015 veritatem
1305 2948 1506 3013 exactissima

555 3050 719 3137 diligentia
740 3053 930 3137 iniquitatis,
945 3066 977 3116 et
993 3053 1018 3115 si
1035 3056 1077 3115 A.
1092 3053 1214 3117 litteras
1236 3064 1358 3115 nostras
1373 3050 1508 3113 fraudu-

556 3151 656 3215 lenter
671 3153 881 3237 suppressisse
896 3154 1085 3232 constiterit‚
1100 3176 1173 3215 eum
1194 3152 1383 3216 auctoritate
1399 3163 1507 3214 nostra

555 3256 595 3316 ab
610 3251 712 3314 officio
727 3254 938 3339 suspendatis,
951 3256 1050 3318 donec
1060 3255 1151 3317 vobis
1166 3267 1197 3318 et
1213 3254 1352 3316 ecclesiae
1365 3256 1507 3318 Cantua·

556 3350 650 3415 riensi
672 3352 828 3436 condigne
850 3354 1029 3417 satisfaciat.
1074 3353 1230 3414 Joannem
1254 3375 1384 3436 quoque
1400 3354 1506 3414 Lexo-

557 3452 704 3528 viensem,
720 3468 752 3516 et
768 3455 926 3518 ministros
948 3454 1160 3517 archidiaconi
1183 3452 1404 3517 Dorberiensis
1421 3475 1507 3514 cour-

557 3552 681 3639 pellatis
701 3560 888 3621 auctoritate
904 3570 1009 3631 vestra
1030 3554 1196 3617 restituere
1217 3554 1337 3618 clericis
1358 3552 1443 3638 quod
1467 3578 1505 3617 ex

559 3679 667 3741 prava,
695 3682 792 3743 quam
822 3658 1043 3741 praemisimus,
1068 3655 1313 3732 consuetudine,
1344 3655 1396 3719 vel
1427 3658 1507 3720 sacri

557 3759 734 3825 chrismatis
763 3773 907 3823 execrata
938 3760 1122 3823 venditione
1150 3760 1190 3823 ab
1225 3759 1270 3823 eis
1306 3760 1509 3838 extorserint,

557 3872 726 3947 postquam
753 3885 809 3925 nos
834 3861 915 3923 hanc
937 3860 1112 3945 nequitiam
1137 3860 1428 3924 condemnavimus.
1475 3861 1507 3923 Si

559 3984 632 4023 vcro
661 3962 750 4024 vobis
779 3963 812 4024 in
841 3962 901 4024 hoc
938 3966 1157 4047 obtemperare
1187 3961 1415 4046 neglexerunt;
1455 3984 1508 4022 eos

557 4062 745 4126 auctoritate
768 4076 872 4125 vestra
901 4063 942 4126 ab
971 4062 1105 4127 introitu
1129 4062 1267 4126 ecclesiae
1294 4062 1508 4145 suspendatis,

557 4159 658 4222 donec
672 4160 779 4224 ablata
800 4163 920 4225 clericis
941 4164 1122 4239 restituant,
1137 4178 1170 4228 et
1191 4164 1384 4229 satisfaciant
1407 4163 1507 4226 nobis.

560 4259 592 4324 Si
613 4273 720 4324 autem
743 4262 865 4340 aliquos
887 4277 959 4347 post
983 4265 1226 4349 appellationem
1249 4265 1288 4329 ad
1312 4286 1369 4327 nos
1391 4266 1508 4337 factam

559 4362 750 4447 suspendere
772 4364 1045 4449 praesumpserint,
1061 4388 1115 4429 eos
1137 4363 1297 4441 relaxetis,
1320 4378 1353 4429 et
1377 4388 1508 4452 suspen·

559 4484 643 4527 sores
665 4461 857 4529 denuntietis
880 4488 899 4529 a
920 4465 1012 4530 nobis
1031 4487 1097 4529 esse
1119 4489 1286 4550 suspensos
1307 4492 1326 4532 a
1347 4466 1508 4530 liminibus
