3875 5725
491 818 534 885 80
755 817 890 879 tuturus
905 818 1183 874 staasnnar'ssais
1349 806 1397 893 [a.
1417 836 1451 886 n.

490 986 520 1051 0
536 1003 645 1048 verum
668 979 805 1047 Romani
825 978 989 1047 Pontificie
1008 979 1165 1045 amicum!
1189 980 1246 1066 qui
1261 993 1294 1049 et
1308 982 1342 1046 in
1357 982 1453 1070 flagi.

490 1086 542 1154 tiis
566 1085 667 1174 ipsius
692 1083 790 1155 tabet
816 1081 1012 1156 memoriam,
1035 1093 1068 1144 et
1092 1080 1134 1143 de
1159 1079 1306 1148 bonitate
1327 1097 1449 1164 vestra,

490 1209 588 1274 quam
603 1186 734 1272 impune
749 1181 886 1262 deludit,
902 1179 1054 1266 nequitiae
1069 1202 1137 1244 suoe
1157 1203 1273 1246 nomen
1287 1183 1447 1270 imponit!

490 1287 556 1352 Hic
578 1298 637 1367 est,
651 1284 790 1360 domine,
805 1283 856 1346 hic
878 1296 936 1357 est,
953 1281 1009 1368 qui
1032 1296 1177 1347 sanctum
1200 1284 1385 1371 episcopum
1406 1309 1447 1352 en

488 1389 555 1454 toln
569 1389 691 1453 ratione
705 1384 920 1472 persequitur,
936 1384 1013 1468 quia
1032 1384 1219 1449 criminibus
1233 1386 1303 1472 ejus
1322 1388 1444 1474 episco-

490 1511 552 1574 pus
566 1487 764 1551 adversatur.
810 1485 918 1562 Quum
933 1482 1071 1548 videatis
1094 1484 1254 1571 iniquum,
1269 1489 1363 1579 cujus
1384 1491 1445 1554 cri-

492 1589 576 1655 mina
598 1587 766 1652 manifesta
789 1596 875 1662 sunt,
899 1584 1111 1671 praecedentia
1132 1585 1172 1649 nd
1191 1586 1363 1672 judicium,
1378 1611 1443 1653 nou

489 1692 614 1779 ponetis
643 1711 716 1753 cum
746 1712 784 1752 eo
814 1686 942 1752 malitia>
973 1689 1162 1773 portionem,
1191 1687 1263 1753 licet
1294 1689 1348 1754 ille
1377 1713 1445 1771 vos,

489 1787 699 1876 quantumin
724 1810 757 1852 se
780 1798 841 1864 est,
857 1785 997 1852 infamiae
1020 1808 1086 1849 suae
1110 1785 1223 1851 reddat
1247 1788 1445 1876 participem.

490 1895 600 1967 Quum
617 1891 712 1967 enim,
728 1889 786 1954 etsi
799 1910 861 1952 non
873 1888 1029 1970 dejectus,
1041 1909 1060 1951 a
1073 1886 1163 1953 vobis
1174 1888 1277 1953 redire
1288 1890 1447 1976 debuerit,

446 1987 453 2004 ⁸
491 1998 726 2067 nicomatus,
743 1990 827 2055 facta
848 2001 923 2052 suut
948 2011 1072 2075 semper
1087 1989 1225 2056 hominis
1239 1990 1325 2056 illius
1338 1992 1446 2058 novis-

491 2094 570 2160 aime
588 2091 746 2156 deteriora
767 2088 936 2175 prioribus.
978 2093 1103 2167 Dicam,
1118 2104 1221 2177 peter,
1235 2090 1338 2159 dicam
1355 2096 1444 2181 quod

490 2215 627 2261 consona
653 2214 728 2256 voce
753 2191 896 2257 omnium
926 2192 1012 2259 fama
1041 2193 1252 2273 coucelebrat,
1275 2195 1332 2282 qui
1357 2196 1444 2263 huuc

490 2295 636 2370 dimittit,
647 2293 785 2379 justitiae
801 2291 947 2360 inimicus
967 2307 1027 2372 cst,
1041 2307 1074 2358 et
1090 2293 1167 2358 vitio
1183 2318 1363 2374 cousensus,
1374 2298 1445 2384 jus-

490 2396 582 2474 titiae,
596 2394 780 2472 honestatis,
792 2406 823 2459 et
834 2393 1070 2460 incontinentiae
1082 2395 1275 2480 profanator.
1311 2397 1443 2483 Wigot·

490 2498 607 2567 niensis
622 2496 800 2584 episcopus,
816 2496 868 2561 cui
882 2496 1048 2564 commissu
1062 2509 1108 2562 est
1124 2520 1220 2564 causa
1239 2500 1320 2586 eJus,
1335 2500 1370 2566 iu
1389 2525 1444 2566 ex-

489 2598 633 2667 tentione
647 2599 789 2665 mandati
801 2598 897 2663 vestri
913 2599 1005 2687 piger
1019 2613 1078 2676 est,
1090 2599 1123 2663 in
1139 2599 1286 2686 proximo
1301 2601 1444 2672 Insulam

489 2723 680 2788 egressurus.
728 2702 857 2769 Placeat
872 2724 950 2787 ergo
971 2699 1062 2766 vobis
1082 2701 1112 2766 ei
1136 2703 1310 2790 subrogare
1334 2728 1444 2791 quem·

441 2883 444 2890 ,
490 2789 630 2893 numque
652 2804 817 2874 volueritis
838 2803 871 2870 iu
896 2803 1013 2891 Anglii
1034 2801 1172 2890 justitia
1195 2819 1379 2889 amatorem,
1405 2820 1443 2873 ut

489 2932 584 2977 causa
598 2911 738 2998 episcopi
753 2908 948 2997 quandoque
963 2907 1107 2973 debitum
1124 2907 1217 2971 finem
1233 2910 1397 2979 sortiatur.

613 3163 852 3225 EPISTOLA
878 3160 1146 3227 XXVIII.-An
1162 3185 1313 3245 ausonis.

746 3278 886 3342 Domino
901 3280 1008 3363 Papae
1022 3281 1178 3355 Adriano,

534 3397 588 3460 Ao
603 3394 719 3467 ostium
741 3396 918 3481 majestatis
940 3409 1056 3474 vestrae
1071 3397 1198 3485 pulsare
1214 3401 1310 3477 toties
1323 3400 1440 3478 erube·

488 3520 617 3576 scetem,
639 3495 701 3576 nisi
724 3499 879 3582 pudorem
903 3521 1009 3563 meum
1031 3513 1064 3572 et
1086 3499 1264 3578 devotionis
1282 3524 1362 3578 meae
1375 3504 1440 3579 ¹ain-

487 3599 612 3682 peritas,
635 3610 668 3668 et
687 3599 868 3671 eminentia
891 3613 1005 3677 vestrm
1028 3600 1207 3687 benignitas
1228 3600 1393 3683 animaret,
1407 3619 1440 3671 et

487 3721 608 3779 eorum,
625 3699 743 3786 quibus
758 3698 847 3764 nulla
866 3700 990 3775 ratione
1009 3700 1117 3779 deesse
1132 3724 1273 3786 possum,
1287 3703 1442 3778 instantia

486 3827 536 3870 me
545 3804 586 3868 ad
597 3802 799 3879 scribendum
808 3802 1011 3889 compelleret
1021 3802 1226 3871 velinritum.
1250 3803 1442 3885 Sanctorum

486 3906 636 3986 fremunt,
654 3906 735 3990 quid
750 3905 838 3991 apud
858 3906 1054 3983 Meritonam
1076 3904 1216 3976 Domino
1230 3906 1441 3990 fampbrirtur,

485 4002 605 4084 etiuce
619 4004 774 4081 bonormn
797 4029 930 4091 operum
949 4006 1109 4087 illustrant
1130 4005 1265 4085 insulam
1289 4020 1441 4091 nostram,

486 4102 707 4175 uexationibus
718 4116 748 4168 et
758 4106 884 4189 injuriis
899 4120 989 4172 tanto
1005 4107 1106 4193 magis
1116 4108 1302 4195 compatior,
1318 4122 1441 4194 quanto
1459 4102 1464 4110 ’

484 4202 602 4275 certius
616 4202 718 4268 habeo
739 4204 864 4268 eosdem
884 4231 902 4270 a
917 4208 1043 4288 laesione
1066 4212 1209 4287 omnium
1225 4210 1395 4292 abstinere,
1407 4225 1439 4292 et

486 4304 574 4394 quod
598 4302 745 4386 omuibus
770 4305 922 4379 insulanis
943 4322 1043 4395 patet,
1066 4310 1199 4388 utilitati
1220 4311 1441 4399 proximorum

486 4409 563 4474 totis
578 4406 699 4492 viribus
713 4406 872 4474 inservire.
918 4411 968 4475 Ad
979 4425 1119 4492 vestium
1134 4436 1211 4498 ergo
1225 4414 1440 4500 apostolatum
