<?xml version="1.0" encoding="UTF-8"?>
<!DOCTYPE html PUBLIC "-//W3C//DTD XHTML 1.0 Transitional//EN"
    "http://www.w3.org/TR/xhtml1/DTD/xhtml1-transitional.dtd">
<html xmlns="http://www.w3.org/1999/xhtml" xml:lang="en" lang="en">
 <head>
  <title>
</title>
<meta http-equiv="Content-Type" content="text/html;charset=utf-8" />
  <meta name='ocr-system' content='tesseract 3.04.00' />
  <meta name='ocr-capabilities' content='ocr_page ocr_carea ocr_par ocr_line ocrx_word'/>
</head>
<body>
  <div class='ocr_page' id='page_1' title='image "./joannissaresber01johngoog_0175.png"; bbox 0 0 3875 5725; ppageno 0'>
   <div class='ocr_carea' id='block_1_1' title="bbox 503 858 1452 938">
    <p class='ocr_par' dir='ltr' id='par_1_1' title="bbox 503 858 1452 938">
     <span class='ocr_line' id='line_1_1' title="bbox 503 858 1452 938; baseline 0.001 -17"><span class='ocrx_word' id='word_1_1' title='bbox 503 858 696 938; x_wconf 62' lang='lat' dir='ltr'><strong>llos-64]</strong></span> <span class='ocrx_word' id='word_1_2' title='bbox 893 877 1072 922; x_wconf 71' lang='lat' dir='ltr'><strong>nrlsrosra.</strong></span> <span class='ocrx_word' id='word_1_3' title='bbox 1392 864 1452 922; x_wconf 81' lang='lat' dir='ltr'><strong>tsr</strong></span> 
     </span>
    </p>
   </div>
   <div class='ocr_carea' id='block_1_2' title="bbox 496 1025 1454 1419">
    <p class='ocr_par' dir='ltr' id='par_1_2' title="bbox 496 1025 1454 1419">
     <span class='ocr_line' id='line_1_2' title="bbox 498 1025 1453 1114; baseline -0.003 -22"><span class='ocrx_word' id='word_1_4' title='bbox 498 1026 624 1113; x_wconf 88' lang='lat' dir='ltr'><strong>poterit,</strong></span> <span class='ocrx_word' id='word_1_5' title='bbox 653 1025 738 1114; x_wconf 93' lang='lat' dir='ltr'><strong>quod</strong></span> <span class='ocrx_word' id='word_1_6' title='bbox 769 1026 867 1113; x_wconf 86' lang='lat' dir='ltr'><strong>aliqui</strong></span> <span class='ocrx_word' id='word_1_7' title='bbox 896 1027 936 1091; x_wconf 90' lang='lat' dir='ltr'><strong>ad</strong></span> <span class='ocrx_word' id='word_1_8' title='bbox 966 1050 1023 1090; x_wconf 85' lang='lat' dir='ltr'><strong>vos</strong></span> <span class='ocrx_word' id='word_1_9' title='bbox 1048 1027 1268 1112; x_wconf 79' lang='lat' dir='ltr'>confugientes</span> <span class='ocrx_word' id='word_1_10' title='bbox 1296 1028 1356 1090; x_wconf 92' lang='lat' dir='ltr'><strong>hoc</strong></span> <span class='ocrx_word' id='word_1_11' title='bbox 1385 1027 1453 1090; x_wconf 88' lang='lat' dir='ltr'><strong>solo</strong></span> 
     </span>
     <span class='ocr_line' id='line_1_3' title="bbox 499 1128 1453 1215; baseline 0.002 -25"><span class='ocrx_word' id='word_1_12' title='bbox 499 1128 637 1192; x_wconf 88' lang='lat' dir='ltr'><strong>remedio</strong></span> <span class='ocrx_word' id='word_1_13' title='bbox 651 1143 828 1195; x_wconf 87' lang='lat' dir='ltr'><strong>evaserunt.</strong></span> <span class='ocrx_word' id='word_1_14' title='bbox 865 1130 940 1206; x_wconf 89' lang='lat' dir='ltr'><strong>Vos,</strong></span> <span class='ocrx_word' id='word_1_15' title='bbox 952 1129 1090 1213; x_wconf 82' lang='lat' dir='ltr'><strong>qualiter</strong></span> <span class='ocrx_word' id='word_1_16' title='bbox 1103 1131 1207 1214; x_wconf 89' lang='lat' dir='ltr'><strong>agatis</strong></span> <span class='ocrx_word' id='word_1_17' title='bbox 1221 1151 1293 1193; x_wconf 92' lang='lat' dir='ltr'><strong>cum</strong></span> <span class='ocrx_word' id='word_1_18' title='bbox 1310 1128 1365 1204; x_wconf 88' lang='lat' dir='ltr'><strong>eis,</strong></span> <span class='ocrx_word' id='word_1_19' title='bbox 1377 1151 1453 1215; x_wconf 92' lang='lat' dir='ltr'><strong>pro-</strong></span> 
     </span>
     <span class='ocr_line' id='line_1_4' title="bbox 498 1228 1454 1316; baseline 0.003 -26"><span class='ocrx_word' id='word_1_20' title='bbox 498 1228 613 1306; x_wconf 88' lang='lat' dir='ltr'><strong>videte,</strong></span> <span class='ocrx_word' id='word_1_21' title='bbox 640 1241 671 1293; x_wconf 90' lang='lat' dir='ltr'><strong>et</strong></span> <span class='ocrx_word' id='word_1_22' title='bbox 702 1235 729 1296; x_wconf 90' lang='lat' dir='ltr'><strong>si</strong></span> <span class='ocrx_word' id='word_1_23' title='bbox 759 1230 840 1316; x_wconf 91' lang='lat' dir='ltr'><strong>quid</strong></span> <span class='ocrx_word' id='word_1_24' title='bbox 867 1229 899 1293; x_wconf 91' lang='lat' dir='ltr'><strong>in</strong></span> <span class='ocrx_word' id='word_1_25' title='bbox 929 1231 1033 1294; x_wconf 90' lang='lat' dir='ltr'><strong>causis</strong></span> <span class='ocrx_word' id='word_1_26' title='bbox 1062 1254 1171 1294; x_wconf 91' lang='lat' dir='ltr'><strong>eorum</strong></span> <span class='ocrx_word' id='word_1_27' title='bbox 1198 1231 1289 1295; x_wconf 89' lang='lat' dir='ltr'><strong>nobis</strong></span> <span class='ocrx_word' id='word_1_28' title='bbox 1318 1230 1454 1294; x_wconf 90' lang='lat' dir='ltr'><strong>debetur</strong></span> 
     </span>
     <span class='ocr_line' id='line_1_5' title="bbox 496 1329 1118 1419; baseline 0.005 -26"><span class='ocrx_word' id='word_1_29' title='bbox 496 1329 635 1410; x_wconf 92' lang='lat' dir='ltr'><strong>honoris,</strong></span> <span class='ocrx_word' id='word_1_30' title='bbox 651 1344 748 1418; x_wconf 87' lang='lat' dir='ltr'><strong>prout</strong></span> <span class='ocrx_word' id='word_1_31' title='bbox 763 1332 931 1419; x_wconf 79' lang='lat' dir='ltr'><strong>placuerit,</strong></span> <span class='ocrx_word' id='word_1_32' title='bbox 949 1342 1118 1396; x_wconf 86' lang='lat' dir='ltr'><strong>reservate.</strong></span> 
     </span>
    </p>
   </div>
   <div class='ocr_carea' id='block_1_3' title="bbox 668 1648 1278 1713">
    <p class='ocr_par' dir='ltr' id='par_1_3' title="bbox 668 1648 1278 1713">
     <span class='ocr_line' id='line_1_6' title="bbox 668 1648 1278 1713; baseline 0.003 -3"><span class='ocrx_word' id='word_1_33' title='bbox 668 1648 888 1713; x_wconf 84' lang='lat' dir='ltr'>EPISTOLA</span> <span class='ocrx_word' id='word_1_34' title='bbox 912 1648 1109 1712; x_wconf 63' lang='grc' dir='ltr'><strong>(ΝΠ-ΑΙ)</strong></span> <span class='ocrx_word' id='word_1_35' title='bbox 1125 1668 1278 1712; x_wconf 73' lang='lat' dir='ltr'><strong>annonis.</strong></span> 
     </span>
    </p>
   </div>
   <div class='ocr_carea' id='block_1_4' title="bbox 741 1784 1207 1899">
    <p class='ocr_par' dir='ltr' id='par_1_4' title="bbox 741 1784 1207 1899">
     <span class='ocr_line' id='line_1_7' title="bbox 741 1784 1207 1899; baseline 0.006 -21"><span class='ocrx_word' id='word_1_36' title='bbox 741 1815 881 1878; x_wconf 80' lang='lat' dir='ltr'><strong>Domino</strong></span> <span class='ocrx_word' id='word_1_37' title='bbox 896 1784 999 1899; x_wconf 70' lang='lat' dir='ltr'><strong>Papia</strong></span> <span class='ocrx_word' id='word_1_38' title='bbox 1013 1816 1207 1881; x_wconf 79' lang='lat' dir='ltr'><strong>Aleaandro.</strong></span> 
     </span>
    </p>
   </div>
   <div class='ocr_carea' id='block_1_5' title="bbox 486 1948 1451 4469">
    <p class='ocr_par' dir='ltr' id='par_1_5' title="bbox 486 1948 1451 4469">
     <span class='ocr_line' id='line_1_8' title="bbox 539 1948 1449 2029; baseline 0.002 -17"><span class='ocrx_word' id='word_1_39' title='bbox 539 1948 775 2013; x_wconf 78' lang='lat' dir='ltr'><strong>Noawrcnnsrs</strong></span> <span class='ocrx_word' id='word_1_40' title='bbox 791 1949 1041 2024; x_wconf 84' lang='lat' dir='ltr'><strong>archidiaconus,</strong></span> <span class='ocrx_word' id='word_1_41' title='bbox 1059 1952 1108 2014; x_wconf 89' lang='lat' dir='ltr'><strong>vir</strong></span> <span class='ocrx_word' id='word_1_42' title='bbox 1123 1949 1255 2029; x_wconf 89' lang='lat' dir='ltr'><strong>malitia,</strong></span> <span class='ocrx_word' id='word_1_43' title='bbox 1270 1949 1449 2026; x_wconf 89' lang='lat' dir='ltr'><strong>dolositate,</strong></span> 
     </span>
     <span class='ocr_line' id='line_1_9' title="bbox 494 2051 1450 2138; baseline 0.002 -25"><span class='ocrx_word' id='word_1_44' title='bbox 494 2061 525 2114; x_wconf 89' lang='lat' dir='ltr'><strong>et</strong></span> <span class='ocrx_word' id='word_1_45' title='bbox 547 2062 616 2115; x_wconf 89' lang='lat' dir='ltr'><strong>arte</strong></span> <span class='ocrx_word' id='word_1_46' title='bbox 637 2051 810 2116; x_wconf 88' lang='lat' dir='ltr'><strong>mentiendi</strong></span> <span class='ocrx_word' id='word_1_47' title='bbox 832 2052 1022 2137; x_wconf 89' lang='lat' dir='ltr'><strong>conspicuus</strong></span> <span class='ocrx_word' id='word_1_48' title='bbox 1043 2072 1177 2137; x_wconf 83' lang='lat' dir='ltr'><strong>regnum</strong></span> <span class='ocrx_word' id='word_1_49' title='bbox 1201 2064 1342 2117; x_wconf 88' lang='lat' dir='ltr'><strong>nostrum</strong></span> <span class='ocrx_word' id='word_1_50' title='bbox 1366 2073 1450 2138; x_wconf 84' lang='lat' dir='ltr'><strong>proe-</strong></span> 
     </span>
     <span class='ocr_line' id='line_1_10' title="bbox 494 2152 1451 2240; baseline 0.002 -24"><span class='ocrx_word' id='word_1_51' title='bbox 494 2152 589 2216; x_wconf 86' lang='lat' dir='ltr'><strong>terita</strong></span> <span class='ocrx_word' id='word_1_52' title='bbox 610 2164 721 2217; x_wconf 84' lang='lat' dir='ltr'><strong>aestate</strong></span> <span class='ocrx_word' id='word_1_53' title='bbox 741 2153 923 2216; x_wconf 90' lang='lat' dir='ltr'><strong>rumoribus</strong></span> <span class='ocrx_word' id='word_1_54' title='bbox 943 2153 1010 2217; x_wconf 93' lang='lat' dir='ltr'><strong>suis</strong></span> <span class='ocrx_word' id='word_1_55' title='bbox 1031 2154 1201 2234; x_wconf 80' lang='lat' dir='ltr'><strong>concussit,</strong></span> <span class='ocrx_word' id='word_1_56' title='bbox 1222 2165 1254 2218; x_wconf 89' lang='lat' dir='ltr'><strong>et</strong></span> <span class='ocrx_word' id='word_1_57' title='bbox 1281 2157 1451 2240; x_wconf 85' lang='lat' dir='ltr'><strong>optimates</strong></span> 
     </span>
     <span class='ocr_line' id='line_1_11' title="bbox 492 2253 1449 2340; baseline 0.002 -24"><span class='ocrx_word' id='word_1_58' title='bbox 492 2253 580 2338; x_wconf 86' lang='lat' dir='ltr'><strong>regni</strong></span> <span class='ocrx_word' id='word_1_59' title='bbox 593 2253 745 2318; x_wconf 90' lang='lat' dir='ltr'><strong>adversus</strong></span> <span class='ocrx_word' id='word_1_60' title='bbox 756 2254 864 2318; x_wconf 90' lang='lat' dir='ltr'>fideles</span> <span class='ocrx_word' id='word_1_61' title='bbox 877 2268 1009 2333; x_wconf 75' lang='lat' dir='ltr'><strong>vestrm,</strong></span> <span class='ocrx_word' id='word_1_62' title='bbox 1023 2254 1087 2318; x_wconf 92' lang='lat' dir='ltr'><strong>imo</strong></span> <span class='ocrx_word' id='word_1_63' title='bbox 1098 2255 1258 2320; x_wconf 88' lang='lat' dir='ltr'><strong>ecclesiam</strong></span> <span class='ocrx_word' id='word_1_64' title='bbox 1273 2255 1333 2318; x_wconf 90' lang='lat' dir='ltr'><strong>Dei</strong></span> <span class='ocrx_word' id='word_1_65' title='bbox 1345 2255 1449 2340; x_wconf 89' lang='lat' dir='ltr'><strong>gravi-</strong></span> 
     </span>
     <span class='ocr_line' id='line_1_12' title="bbox 493 2355 1449 2444; baseline 0.002 -26"><span class='ocrx_word' id='word_1_66' title='bbox 493 2367 540 2419; x_wconf 86' lang='lat' dir='ltr'><strong>ter</strong></span> <span class='ocrx_word' id='word_1_67' title='bbox 555 2356 736 2432; x_wconf 87' lang='lat' dir='ltr'><strong>concitavit,</strong></span> <span class='ocrx_word' id='word_1_68' title='bbox 754 2356 851 2441; x_wconf 88' lang='lat' dir='ltr'><strong>vulgo</strong></span> <span class='ocrx_word' id='word_1_69' title='bbox 867 2357 986 2432; x_wconf 90' lang='lat' dir='ltr'><strong>dicens,</strong></span> <span class='ocrx_word' id='word_1_70' title='bbox 1002 2358 1035 2420; x_wconf 93' lang='lat' dir='ltr'><strong>in</strong></span> <span class='ocrx_word' id='word_1_71' title='bbox 1051 2360 1235 2444; x_wconf 90' lang='lat' dir='ltr'><strong>episcopatu</strong></span> <span class='ocrx_word' id='word_1_72' title='bbox 1253 2355 1449 2422; x_wconf 84' lang='lat' dir='ltr'><strong>Norwicensi</strong></span> 
     </span>
     <span class='ocr_line' id='line_1_13' title="bbox 492 2457 1448 2543; baseline 0.001 -22"><span class='ocrx_word' id='word_1_73' title='bbox 492 2480 524 2521; x_wconf 95' lang='lat' dir='ltr'><strong>se</strong></span> <span class='ocrx_word' id='word_1_74' title='bbox 551 2481 570 2520; x_wconf 90' lang='lat' dir='ltr'><strong>a</strong></span> <span class='ocrx_word' id='word_1_75' title='bbox 595 2457 687 2521; x_wconf 86' lang='lat' dir='ltr'><strong>vobis</strong></span> <span class='ocrx_word' id='word_1_76' title='bbox 712 2458 746 2521; x_wconf 92' lang='lat' dir='ltr'><strong>in</strong></span> <span class='ocrx_word' id='word_1_77' title='bbox 773 2458 922 2543; x_wconf 84' lang='lat' dir='ltr'><strong>Angliam</strong></span> <span class='ocrx_word' id='word_1_78' title='bbox 948 2457 1154 2535; x_wconf 86' lang='lat' dir='ltr'><strong>destinatum,</strong></span> <span class='ocrx_word' id='word_1_79' title='bbox 1178 2469 1214 2522; x_wconf 93' lang='lat' dir='ltr'><strong>ut</strong></span> <span class='ocrx_word' id='word_1_80' title='bbox 1243 2483 1262 2524; x_wconf 93' lang='lat' dir='ltr'><strong>a</strong></span> <span class='ocrx_word' id='word_1_81' title='bbox 1286 2457 1448 2523; x_wconf 90' lang='lat' dir='ltr'><strong>Willelmo</strong></span> 
     </span>
     <span class='ocr_line' id='line_1_14' title="bbox 491 2560 1445 2645; baseline 0.001 -22"><span class='ocrx_word' id='word_1_82' title='bbox 491 2560 604 2624; x_wconf 89' lang='lat' dir='ltr'><strong>comite</strong></span> <span class='ocrx_word' id='word_1_83' title='bbox 632 2561 805 2623; x_wconf 85' lang='lat' dir='ltr'><strong>Warennae</strong></span> <span class='ocrx_word' id='word_1_84' title='bbox 835 2560 902 2624; x_wconf 87' lang='lat' dir='ltr'><strong>lilio</strong></span> <span class='ocrx_word' id='word_1_85' title='bbox 932 2561 1017 2645; x_wconf 88' lang='lat' dir='ltr'><strong>regis</strong></span> <span class='ocrx_word' id='word_1_86' title='bbox 1049 2560 1201 2645; x_wconf 88' lang='lat' dir='ltr'><strong>Stephani</strong></span> <span class='ocrx_word' id='word_1_87' title='bbox 1233 2581 1294 2625; x_wconf 86' lang='lat' dir='ltr'><strong>ncc</strong></span> <span class='ocrx_word' id='word_1_88' title='bbox 1323 2584 1445 2625; x_wconf 91' lang='lat' dir='ltr'><strong>marcas</strong></span> 
     </span>
     <span class='ocr_line' id='line_1_15' title="bbox 491 2661 1448 2748; baseline 0.004 -25"><span class='ocrx_word' id='word_1_89' title='bbox 491 2664 655 2745; x_wconf 89' lang='lat' dir='ltr'><strong>reciperet,</strong></span> <span class='ocrx_word' id='word_1_90' title='bbox 671 2683 752 2747; x_wconf 90' lang='lat' dir='ltr'><strong>quas</strong></span> <span class='ocrx_word' id='word_1_91' title='bbox 766 2683 825 2746; x_wconf 93' lang='lat' dir='ltr'><strong>pro</strong></span> <span class='ocrx_word' id='word_1_92' title='bbox 842 2662 1011 2726; x_wconf 88' lang='lat' dir='ltr'><strong>audiendis</strong></span> <span class='ocrx_word' id='word_1_93' title='bbox 1026 2662 1235 2748; x_wconf 88' lang='lat' dir='ltr'><strong>petitionibus</strong></span> <span class='ocrx_word' id='word_1_94' title='bbox 1257 2661 1323 2728; x_wconf 90' lang='lat' dir='ltr'><strong>suis</strong></span> <span class='ocrx_word' id='word_1_95' title='bbox 1337 2677 1448 2727; x_wconf 89' lang='lat' dir='ltr'><strong>contra</strong></span> 
     </span>
     <span class='ocr_line' id='line_1_16' title="bbox 491 2761 1447 2847; baseline 0.004 -23"><span class='ocrx_word' id='word_1_96' title='bbox 491 2783 598 2846; x_wconf 84' lang='lat' dir='ltr'><strong>regem</strong></span> <span class='ocrx_word' id='word_1_97' title='bbox 615 2761 704 2824; x_wconf 87' lang='lat' dir='ltr'><strong>vobis</strong></span> <span class='ocrx_word' id='word_1_98' title='bbox 718 2762 873 2847; x_wconf 86' lang='lat' dir='ltr'><strong>praefatus</strong></span> <span class='ocrx_word' id='word_1_99' title='bbox 888 2783 993 2826; x_wconf 85' lang='lat' dir='ltr'><strong>comes</strong></span> <span class='ocrx_word' id='word_1_100' title='bbox 1008 2761 1145 2826; x_wconf 88' lang='lat' dir='ltr'><strong>debebat</strong></span> <span class='ocrx_word' id='word_1_101' title='bbox 1160 2761 1357 2847; x_wconf 85' lang='lat' dir='ltr'><strong>appendere:</strong></span> <span class='ocrx_word' id='word_1_102' title='bbox 1386 2764 1447 2828; x_wconf 91' lang='lat' dir='ltr'><strong>sub</strong></span> 
     </span>
     <span class='ocr_line' id='line_1_17' title="bbox 492 2860 1449 2949; baseline 0.003 -24"><span class='ocrx_word' id='word_1_103' title='bbox 492 2862 550 2925; x_wconf 94' lang='lat' dir='ltr'><strong>hac</strong></span> <span class='ocrx_word' id='word_1_104' title='bbox 572 2860 785 2927; x_wconf 87' lang='lat' dir='ltr'><strong>excusationis</strong></span> <span class='ocrx_word' id='word_1_105' title='bbox 805 2862 953 2947; x_wconf 84' lang='lat' dir='ltr'><strong>imagine,</strong></span> <span class='ocrx_word' id='word_1_106' title='bbox 969 2886 1009 2926; x_wconf 91' lang='lat' dir='ltr'><strong>ne</strong></span> <span class='ocrx_word' id='word_1_107' title='bbox 1028 2864 1061 2926; x_wconf 93' lang='lat' dir='ltr'><strong>in</strong></span> <span class='ocrx_word' id='word_1_108' title='bbox 1080 2864 1136 2949; x_wconf 89' lang='lat' dir='ltr'><strong>jus</strong></span> <span class='ocrx_word' id='word_1_109' title='bbox 1158 2863 1335 2927; x_wconf 87' lang='lat' dir='ltr'><strong>traheretur</strong></span> <span class='ocrx_word' id='word_1_110' title='bbox 1352 2864 1449 2949; x_wconf 86' lang='lat' dir='ltr'><strong>juxta</strong></span> 
     </span>
     <span class='ocr_line' id='line_1_18' title="bbox 490 2963 1448 3051; baseline 0.003 -24"><span class='ocrx_word' id='word_1_111' title='bbox 490 2964 677 3029; x_wconf 91' lang='lat' dir='ltr'><strong>mandatum</strong></span> <span class='ocrx_word' id='word_1_112' title='bbox 713 2976 854 3028; x_wconf 90' lang='lat' dir='ltr'><strong>vestrum</strong></span> <span class='ocrx_word' id='word_1_113' title='bbox 889 2986 909 3026; x_wconf 90' lang='lat' dir='ltr'><strong>s</strong></span> <span class='ocrx_word' id='word_1_114' title='bbox 937 2963 1067 3027; x_wconf 92' lang='lat' dir='ltr'><strong>domino</strong></span> <span class='ocrx_word' id='word_1_115' title='bbox 1102 2963 1297 3028; x_wconf 83' lang='lat' dir='ltr'><strong>Norwicensi</strong></span> <span class='ocrx_word' id='word_1_116' title='bbox 1331 2964 1448 3051; x_wconf 78' lang='lat' dir='ltr'><strong>saepius</strong></span> 
     </span>
     <span class='ocr_line' id='line_1_19' title="bbox 489 3064 1446 3151; baseline 0.002 -22"><span class='ocrx_word' id='word_1_117' title='bbox 489 3066 686 3150; x_wconf 87' lang='lat' dir='ltr'><strong>impetravit,</strong></span> <span class='ocrx_word' id='word_1_118' title='bbox 702 3079 734 3130; x_wconf 90' lang='lat' dir='ltr'><strong>et</strong></span> <span class='ocrx_word' id='word_1_119' title='bbox 756 3088 884 3129; x_wconf 88' lang='lat' dir='ltr'><strong>causam</strong></span> <span class='ocrx_word' id='word_1_120' title='bbox 899 3087 974 3151; x_wconf 88' lang='lat' dir='ltr'><strong>quae</strong></span> <span class='ocrx_word' id='word_1_121' title='bbox 988 3064 1071 3129; x_wconf 88' lang='lat' dir='ltr'><strong>inter</strong></span> <span class='ocrx_word' id='word_1_122' title='bbox 1092 3065 1197 3150; x_wconf 89' lang='lat' dir='ltr'><strong>ipsum</strong></span> <span class='ocrx_word' id='word_1_123' title='bbox 1213 3078 1245 3129; x_wconf 93' lang='lat' dir='ltr'><strong>et</strong></span> <span class='ocrx_word' id='word_1_124' title='bbox 1260 3066 1446 3151; x_wconf 88' lang='lat' dir='ltr'><strong>magistrum</strong></span> 
     </span>
     <span class='ocr_line' id='line_1_20' title="bbox 489 3166 1448 3233; baseline 0.002 -2"><span class='ocrx_word' id='word_1_125' title='bbox 489 3169 690 3233; x_wconf 90' lang='lat' dir='ltr'><strong>Willelmum</strong></span> <span class='ocrx_word' id='word_1_126' title='bbox 707 3168 855 3232; x_wconf 91' lang='lat' dir='ltr'><strong>clericum</strong></span> <span class='ocrx_word' id='word_1_127' title='bbox 875 3166 995 3231; x_wconf 88' lang='lat' dir='ltr'><strong>domini</strong></span> <span class='ocrx_word' id='word_1_128' title='bbox 1011 3167 1249 3233; x_wconf 75' lang='lat' dir='ltr'><strong>cantuariensis</strong></span> <span class='ocrx_word' id='word_1_129' title='bbox 1263 3169 1448 3233; x_wconf 85' lang='lat' dir='ltr'><strong>vertebatur</strong></span> 
     </span>
     <span class='ocr_line' id='line_1_21' title="bbox 490 3267 1448 3356; baseline -0.002 -21"><span class='ocrx_word' id='word_1_130' title='bbox 490 3292 586 3356; x_wconf 87' lang='lat' dir='ltr'><strong>super</strong></span> <span class='ocrx_word' id='word_1_131' title='bbox 606 3269 735 3333; x_wconf 87' lang='lat' dir='ltr'><strong>ecclesia</strong></span> <span class='ocrx_word' id='word_1_132' title='bbox 759 3268 799 3332; x_wconf 94' lang='lat' dir='ltr'><strong>de</strong></span> <span class='ocrx_word' id='word_1_133' title='bbox 823 3267 1012 3342; x_wconf 88' lang='lat' dir='ltr'><strong>Alvestona,</strong></span> <span class='ocrx_word' id='word_1_134' title='bbox 1029 3267 1152 3332; x_wconf 89' lang='lat' dir='ltr'><strong>diutius</strong></span> <span class='ocrx_word' id='word_1_135' title='bbox 1172 3268 1308 3333; x_wconf 84' lang='lat' dir='ltr'><strong>distulit.</strong></span> <span class='ocrx_word' id='word_1_136' title='bbox 1345 3275 1448 3335; x_wconf 87' lang='lat' dir='ltr'><strong>Bene·</strong></span> 
     </span>
     <span class='ocr_line' id='line_1_22' title="bbox 489 3368 1446 3457; baseline 0.001 -22"><span class='ocrx_word' id='word_1_137' title='bbox 489 3371 561 3435; x_wconf 88' lang='lat' dir='ltr'><strong>ficio</strong></span> <span class='ocrx_word' id='word_1_138' title='bbox 577 3384 681 3434; x_wconf 89' lang='lat' dir='ltr'><strong>tamen</strong></span> <span class='ocrx_word' id='word_1_139' title='bbox 700 3369 879 3434; x_wconf 88' lang='lat' dir='ltr'><strong>litterarum</strong></span> <span class='ocrx_word' id='word_1_140' title='bbox 896 3382 1084 3449; x_wconf 90' lang='lat' dir='ltr'><strong>vestrarum,</strong></span> <span class='ocrx_word' id='word_1_141' title='bbox 1098 3368 1240 3434; x_wconf 89' lang='lat' dir='ltr'><strong>dictante</strong></span> <span class='ocrx_word' id='word_1_142' title='bbox 1258 3370 1398 3457; x_wconf 88' lang='lat' dir='ltr'><strong>justitia,</strong></span> <span class='ocrx_word' id='word_1_143' title='bbox 1413 3372 1446 3436; x_wconf 90' lang='lat' dir='ltr'><strong>in</strong></span> 
     </span>
     <span class='ocr_line' id='line_1_23' title="bbox 490 3470 1447 3559; baseline 0 -23"><span class='ocrx_word' id='word_1_144' title='bbox 490 3472 572 3538; x_wconf 82' lang='lat' dir='ltr'><strong>facie</strong></span> <span class='ocrx_word' id='word_1_145' title='bbox 594 3471 733 3536; x_wconf 67' lang='lat' dir='ltr'><strong>eeclesiae</strong></span> <span class='ocrx_word' id='word_1_146' title='bbox 757 3470 894 3536; x_wconf 88' lang='lat' dir='ltr'><strong>Norwic.</strong></span> <span class='ocrx_word' id='word_1_147' title='bbox 921 3493 979 3557; x_wconf 91' lang='lat' dir='ltr'><strong>per</strong></span> <span class='ocrx_word' id='word_1_148' title='bbox 1003 3471 1204 3557; x_wconf 69' lang='lat' dir='ltr'><strong>praesentiam</strong></span> <span class='ocrx_word' id='word_1_149' title='bbox 1226 3473 1377 3559; x_wconf 87' lang='lat' dir='ltr'><strong>episcopi,</strong></span> <span class='ocrx_word' id='word_1_150' title='bbox 1396 3473 1447 3537; x_wconf 90' lang='lat' dir='ltr'><strong>cui</strong></span> 
     </span>
     <span class='ocr_line' id='line_1_24' title="bbox 487 3573 1447 3661; baseline 0.001 -22"><span class='ocrx_word' id='word_1_151' title='bbox 487 3597 614 3641; x_wconf 89' lang='lat' dir='ltr'><strong>causam</strong></span> <span class='ocrx_word' id='word_1_152' title='bbox 641 3574 877 3655; x_wconf 86' lang='lat' dir='ltr'><strong>commiseratis,</strong></span> <span class='ocrx_word' id='word_1_153' title='bbox 903 3574 1025 3661; x_wconf 90' lang='lat' dir='ltr'><strong>absque</strong></span> <span class='ocrx_word' id='word_1_154' title='bbox 1055 3573 1197 3638; x_wconf 87' lang='lat' dir='ltr'><strong>remedio</strong></span> <span class='ocrx_word' id='word_1_155' title='bbox 1226 3574 1447 3661; x_wconf 89' lang='lat' dir='ltr'><strong>appellationis</strong></span> 
     </span>
     <span class='ocr_line' id='line_1_25' title="bbox 487 3676 1447 3764; baseline 0 -23"><span class='ocrx_word' id='word_1_156' title='bbox 487 3677 570 3741; x_wconf 79' lang='lat' dir='ltr'><strong>infra</strong></span> <span class='ocrx_word' id='word_1_157' title='bbox 595 3681 820 3764; x_wconf 88' lang='lat' dir='ltr'><strong>praescriptum</strong></span> <span class='ocrx_word' id='word_1_158' title='bbox 847 3679 1018 3741; x_wconf 89' lang='lat' dir='ltr'><strong>terminum</strong></span> <span class='ocrx_word' id='word_1_159' title='bbox 1045 3676 1228 3755; x_wconf 88' lang='lat' dir='ltr'><strong>finiendam,</strong></span> <span class='ocrx_word' id='word_1_160' title='bbox 1254 3677 1286 3740; x_wconf 91' lang='lat' dir='ltr'><strong>in</strong></span> <span class='ocrx_word' id='word_1_161' title='bbox 1313 3701 1350 3741; x_wconf 93' lang='lat' dir='ltr'><strong>ea</strong></span> <span class='ocrx_word' id='word_1_162' title='bbox 1375 3701 1447 3764; x_wconf 91' lang='lat' dir='ltr'><strong>pro-</strong></span> 
     </span>
     <span class='ocr_line' id='line_1_26' title="bbox 487 3778 1445 3865; baseline 0 -22"><span class='ocrx_word' id='word_1_163' title='bbox 487 3793 605 3845; x_wconf 84' lang='lat' dir='ltr'><strong>stratus</strong></span> <span class='ocrx_word' id='word_1_164' title='bbox 627 3793 685 3856; x_wconf 91' lang='lat' dir='ltr'><strong>est,</strong></span> <span class='ocrx_word' id='word_1_165' title='bbox 701 3793 733 3845; x_wconf 92' lang='lat' dir='ltr'><strong>et</strong></span> <span class='ocrx_word' id='word_1_166' title='bbox 756 3802 774 3843; x_wconf 86' lang='lat' dir='ltr'><strong>a</strong></span> <span class='ocrx_word' id='word_1_167' title='bbox 792 3778 948 3865; x_wconf 88' lang='lat' dir='ltr'><strong>jamdicta</strong></span> <span class='ocrx_word' id='word_1_168' title='bbox 970 3778 1102 3842; x_wconf 90' lang='lat' dir='ltr'><strong>ecclesia</strong></span> <span class='ocrx_word' id='word_1_169' title='bbox 1122 3779 1274 3863; x_wconf 91' lang='lat' dir='ltr'><strong>dejectus.</strong></span> <span class='ocrx_word' id='word_1_170' title='bbox 1321 3779 1356 3844; x_wconf 88' lang='lat' dir='ltr'><strong>Si</strong></span> <span class='ocrx_word' id='word_1_171' title='bbox 1370 3800 1445 3862; x_wconf 84' lang='lat' dir='ltr'><strong>ergo</strong></span> 
     </span>
     <span class='ocr_line' id='line_1_27' title="bbox 486 3879 1444 3968; baseline -0.003 -22"><span class='ocrx_word' id='word_1_172' title='bbox 486 3905 616 3947; x_wconf 89' lang='lat' dir='ltr'><strong>causam</strong></span> <span class='ocrx_word' id='word_1_173' title='bbox 631 3883 775 3968; x_wconf 90' lang='lat' dir='ltr'><strong>iniquam</strong></span> <span class='ocrx_word' id='word_1_174' title='bbox 792 3903 939 3967; x_wconf 89' lang='lat' dir='ltr'><strong>reparare</strong></span> <span class='ocrx_word' id='word_1_175' title='bbox 961 3881 1144 3957; x_wconf 87' lang='lat' dir='ltr'><strong>tentaverit,</strong></span> <span class='ocrx_word' id='word_1_176' title='bbox 1160 3902 1223 3944; x_wconf 92' lang='lat' dir='ltr'><strong>non</strong></span> <span class='ocrx_word' id='word_1_177' title='bbox 1244 3879 1334 3944; x_wconf 88' lang='lat' dir='ltr'><strong>decet</strong></span> <span class='ocrx_word' id='word_1_178' title='bbox 1355 3881 1444 3943; x_wconf 92' lang='lat' dir='ltr'><strong>boni·</strong></span> 
     </span>
     <span class='ocr_line' id='line_1_28' title="bbox 488 3978 1444 4067; baseline -0.001 -21"><span class='ocrx_word' id='word_1_179' title='bbox 488 3995 584 4046; x_wconf 86' lang='lat' dir='ltr'><strong>tatem</strong></span> <span class='ocrx_word' id='word_1_180' title='bbox 613 3996 761 4058; x_wconf 89' lang='lat' dir='ltr'><strong>vestram,</strong></span> <span class='ocrx_word' id='word_1_181' title='bbox 785 3994 822 4046; x_wconf 90' lang='lat' dir='ltr'><strong>ut</strong></span> <span class='ocrx_word' id='word_1_182' title='bbox 848 3979 948 4067; x_wconf 88' lang='lat' dir='ltr'><strong>ipsius</strong></span> <span class='ocrx_word' id='word_1_183' title='bbox 971 4002 1091 4067; x_wconf 90' lang='lat' dir='ltr'><strong>preces,</strong></span> <span class='ocrx_word' id='word_1_184' title='bbox 1115 4003 1153 4044; x_wconf 92' lang='lat' dir='ltr'><strong>ne</strong></span> <span class='ocrx_word' id='word_1_185' title='bbox 1181 3979 1281 4043; x_wconf 90' lang='lat' dir='ltr'><strong>dicam</strong></span> <span class='ocrx_word' id='word_1_186' title='bbox 1304 3978 1444 4045; x_wconf 82' lang='lat' dir='ltr'><strong>fallacias</strong></span> 
     </span>
     <span class='ocr_line' id='line_1_29' title="bbox 487 4082 1441 4171; baseline -0.001 -26"><span class='ocrx_word' id='word_1_187' title='bbox 487 4083 675 4162; x_wconf 90' lang='lat' dir='ltr'><strong>admittatis,</strong></span> <span class='ocrx_word' id='word_1_188' title='bbox 691 4084 746 4149; x_wconf 89' lang='lat' dir='ltr'><strong>sed</strong></span> <span class='ocrx_word' id='word_1_189' title='bbox 761 4087 869 4171; x_wconf 88' lang='lat' dir='ltr'><strong>potius</strong></span> <span class='ocrx_word' id='word_1_190' title='bbox 884 4082 1037 4169; x_wconf 88' lang='lat' dir='ltr'><strong>puniatis,</strong></span> <span class='ocrx_word' id='word_1_191' title='bbox 1049 4082 1140 4169; x_wconf 91' lang='lat' dir='ltr'><strong>quod</strong></span> <span class='ocrx_word' id='word_1_192' title='bbox 1156 4105 1189 4146; x_wconf 92' lang='lat' dir='ltr'><strong>se</strong></span> <span class='ocrx_word' id='word_1_193' title='bbox 1205 4093 1441 4168; x_wconf 86' lang='lat' dir='ltr'><strong>procuratorem</strong></span> 
     </span>
     <span class='ocr_line' id='line_1_30' title="bbox 489 4182 1443 4269; baseline 0.001 -24"><span class='ocrx_word' id='word_1_194' title='bbox 489 4195 643 4263; x_wconf 90' lang='lat' dir='ltr'><strong>vestrum,</strong></span> <span class='ocrx_word' id='word_1_195' title='bbox 664 4198 696 4248; x_wconf 90' lang='lat' dir='ltr'><strong>et</strong></span> <span class='ocrx_word' id='word_1_196' title='bbox 722 4198 878 4269; x_wconf 86' lang='lat' dir='ltr'><strong>gestorem</strong></span> <span class='ocrx_word' id='word_1_197' title='bbox 903 4182 1101 4268; x_wconf 84' lang='lat' dir='ltr'><strong>negotiorum</strong></span> <span class='ocrx_word' id='word_1_198' title='bbox 1129 4182 1281 4248; x_wconf 89' lang='lat' dir='ltr'><strong>mentitus</strong></span> <span class='ocrx_word' id='word_1_199' title='bbox 1306 4195 1364 4262; x_wconf 90' lang='lat' dir='ltr'><strong>est,</strong></span> <span class='ocrx_word' id='word_1_200' title='bbox 1386 4195 1443 4246; x_wconf 92' lang='lat' dir='ltr'><strong>aut</strong></span> 
     </span>
     <span class='ocr_line' id='line_1_31' title="bbox 488 4283 1443 4368; baseline -0.002 -21"><span class='ocrx_word' id='word_1_201' title='bbox 488 4284 594 4368; x_wconf 89' lang='lat' dir='ltr'><strong>inepte</strong></span> <span class='ocrx_word' id='word_1_202' title='bbox 616 4283 778 4368; x_wconf 86' lang='lat' dir='ltr'><strong>gloriatus.</strong></span> <span class='ocrx_word' id='word_1_203' title='bbox 822 4285 909 4351; x_wconf 91' lang='lat' dir='ltr'><strong>Male</strong></span> <span class='ocrx_word' id='word_1_204' title='bbox 931 4285 1014 4349; x_wconf 91' lang='lat' dir='ltr'><strong>enim</strong></span> <span class='ocrx_word' id='word_1_205' title='bbox 1038 4286 1144 4352; x_wconf 91' lang='lat' dir='ltr'><strong>sonuit</strong></span> <span class='ocrx_word' id='word_1_206' title='bbox 1166 4286 1200 4350; x_wconf 92' lang='lat' dir='ltr'><strong>in</strong></span> <span class='ocrx_word' id='word_1_207' title='bbox 1223 4284 1355 4349; x_wconf 88' lang='lat' dir='ltr'><strong>auribus</strong></span> <span class='ocrx_word' id='word_1_208' title='bbox 1374 4306 1443 4348; x_wconf 92' lang='lat' dir='ltr'><strong>om·</strong></span> 
     </span>
     <span class='ocr_line' id='line_1_32' title="bbox 487 4384 825 4469; baseline -0.003 -20"><span class='ocrx_word' id='word_1_209' title='bbox 487 4389 575 4449; x_wconf 92' lang='lat' dir='ltr'><strong>nium</strong></span> <span class='ocrx_word' id='word_1_210' title='bbox 591 4384 738 4467; x_wconf 84' lang='lat' dir='ltr'><strong>gloriatio</strong></span> <span class='ocrx_word' id='word_1_211' title='bbox 749 4386 825 4469; x_wconf 91' lang='lat' dir='ltr'><strong>ejus.</strong></span> 
     </span>
    </p>
   </div>
   <div class='ocr_carea' id='block_1_6' title="bbox 0 0 1942 5725">
    <p class='ocr_par' dir='ltr' id='par_1_6' title="bbox 0 0 1942 5725">
     <span class='ocr_line' id='line_1_33' title="bbox 0 0 1942 5725; baseline 0 5"><span class='ocrx_word' id='word_1_212' title='bbox 0 0 1942 5725; x_wconf 95' lang='lat' dir='ltr'><strong> </strong></span> 
     </span>
    </p>
   </div>
  </div>
 </body>
</html>
