3875 5725
404 871 512 949 noa]
786 885 961 932 ariarate.
1296 878 1356 936 221

401 1060 467 1101 non
483 1038 574 1115 milri,
590 1040 675 1122 quod
691 1039 725 1101 in
741 1060 811 1101 eum
830 1040 1059 1102 humanitatem
1085 1041 1270 1121 ampliorem
1289 1063 1355 1104 non

399 1140 492 1222 potui
521 1161 678 1202 exercere.
737 1142 868 1203 Utinam
900 1142 1021 1203 amicos
1060 1141 1175 1203 amodo
1208 1144 1354 1205 meliores

399 1240 557 1304 inveniat!
582 1243 655 1322 Ego
671 1241 774 1324 profui
786 1252 945 1324 quatenus
958 1254 1101 1324 tempora
1116 1244 1352 1325 permittebant.

399 1341 505 1403 Audio
536 1344 725 1423 Magistrum
753 1343 930 1405 Galterium
956 1343 1139 1425 juramento
1169 1345 1294 1419 arctari,
1321 1357 1355 1406 ut

400 1463 505 1526 neque
535 1445 667 1520 litteras,
691 1465 794 1526 aeque
824 1445 961 1506 nuncios
988 1445 1123 1526 recipiat
1146 1446 1355 1507 exulantium.

400 1547 452 1607 Ex
480 1569 544 1630 quo
575 1558 662 1627 patet
692 1567 789 1628 quam
817 1546 929 1606 misera
957 1548 1131 1608 necessitas
1162 1548 1255 1609 bonis
1282 1548 1355 1608 viris

400 1648 578 1721 immineat,
598 1667 680 1728 quos
702 1666 765 1707 non
789 1647 865 1708 licet
888 1645 1039 1709 mandata
1062 1647 1243 1710 Dominicao
1264 1649 1356 1727 legis,

401 1748 507 1809 officia
524 1742 671 1808 videlicet
687 1744 840 1819 caritatiS,
856 1746 999 1826 implere.

429 2055 649 2119 EPISTOLA
674 2054 890 2116 CXLV—an
906 2071 1198 2117 anarrronouaoru
1214 2075 1319 2119 uerso.

653 2174 879 2218 axourausum.
908 2156 987 2235 [mu.
1008 2157 1116 2235 lma]

434 2319 672 2380 Bartholomceo
688 2317 874 2379 Exouieaai
889 2318 1038 2396 episcopo
1052 2316 1147 2378 Joarr.
1165 2304 1327 2377 Saresber.

445 2467 550 2528 chnr
581 2487 622 2526 ex
652 2485 739 2526 more
777 2464 986 2527 scribentium
1023 2464 1064 2526 ad
1094 2465 1215 2527 amicos
1245 2465 1356 2527 salutis

402 2576 511 2626 votum
526 2565 645 2647 pagina
661 2585 724 2625 non
738 2564 924 2647 praetendat,
939 2565 1017 2626 nihil
1033 2576 1137 2627 tamen
1151 2564 1356 2626 affectuosius

405 2677 453 2726 ost
473 2665 508 2726 in
523 2665 615 2739 votiS,
631 2674 664 2724 et
684 2665 878 2725 orationibus
897 2666 1097 2747 meiS,q11arn
1118 2675 1154 2727 ut
1169 2667 1227 2727 viae
1244 2676 1354 2727 vestrae

397 2765 516 2848 jugiter
538 2774 764 2845 prosperentur
777 2765 810 2825 in
828 2765 980 2826 Domina.
1026 2766 1256 2827 Salutationem
1270 2767 1356 2827 enim

403 2865 532 2926 domino
558 2876 590 2927 et
609 2864 692 2946 patri
717 2864 857 2927 debitam
882 2887 1086 2947 nequaquam
1112 2866 1279 2947 suspendit
1300 2866 1354 2929 de-

400 2963 512 3038 fectuS,
528 2975 583 3025 aut
604 2963 782 3024 immutatio
806 2963 958 3039 caritatis,
981 2963 1037 3025 sed
1060 2966 1206 3026 consulta
1227 2963 1354 3046 dispen-

399 3066 480 3127 satio
491 3075 522 3127 et
533 3065 722 3136 officiorum,
733 3075 765 3126 et
775 3065 916 3126 omnium
931 3086 1003 3148 quar
1015 3078 1098 3128 recte
1114 3075 1264 3146 geruntur
1273 3067 1352 3129 ratio

400 3164 602 3227 moderatrix.
648 3164 908 3245 Dispensationis
923 3186 997 3227 vero
1019 3187 1116 3228 causa
1130 3167 1163 3226 in
1182 3169 1350 3249 propatulo

404 3273 461 3341 est,
477 3275 513 3325 ut
528 3285 600 3326 eam
615 3264 744 3325 omnino
759 3284 823 3325 non
839 3275 996 3346 oporteat,
1007 3277 1061 3328 aut
1075 3266 1189 3347 paucis
1203 3266 1356 3348 expediat

403 3365 543 3447 allegari.
589 3366 673 3426 Nam
697 3364 822 3427 insidiis
848 3366 970 3429 domini
997 3367 1082 3446 regis
1107 3367 1219 3429 dicunt
1248 3368 1355 3429 omnia

398 3468 499 3550 plena
514 3488 594 3536 esse,
605 3476 641 3527 ut
652 3465 746 3528 bonis
761 3466 897 3530 invicem
911 3469 1117 3551 colloquendi
1129 3480 1183 3531 aut
1194 3468 1354 3531 scribendi

398 3578 504 3632 tutum
527 3589 593 3630 non
617 3568 718 3650 possit
744 3589 813 3630 esse
840 3568 1076 3631 commercium.
1131 3570 1251 3632 Nescio
1276 3568 1354 3652 quid

398 3669 543 3731 frivolum
574 3680 684 3731 contra
720 3668 938 3731 innocentiam
971 3672 1099 3731 molitur
1127 3670 1291 3753 iniquitas,
1321 3680 1353 3731 et

399 3783 532 3851 urgente
555 3770 684 3832 stimulo
712 3770 918 3831 conscientiae
946 3771 1145 3832 incessanter
1169 3770 1352 3851 pungentia,

399 3882 432 3931 et
460 3871 590 3946 urentis,
616 3889 728 3931 omnes
752 3881 917 3949 suspectos
940 3870 1040 3930 habet
1065 3880 1097 3931 et
1127 3869 1252 3941 omnia;
1280 3869 1353 3953 jure

399 3969 528 4052 quidem
549 3981 581 4034 et
604 3970 729 4045 merita,
751 3968 825 4050 quia
845 3990 911 4050 pax
933 3969 1040 4051 impiis
1060 3988 1127 4030 esse
1152 3990 1217 4030 nou
1243 3969 1353 4048 debet,

400 4069 507 4131 hostes
529 4092 602 4131 suos
620 4070 746 4154 justitia
767 4070 986 4151 impugnante,
1008 4080 1041 4131 et
1060 4070 1262 4152 praevalente.
1307 4072 1352 4134 Et

400 4168 542 4250 profecto
565 4169 650 4252 quod
674 4169 764 4231 timet
785 4168 913 4251 impius,
935 4169 1042 4231 reniet
1064 4190 1159 4252 super
1181 4190 1265 4246 eum,
1282 4169 1351 4253 jus-

400 4279 515 4349 tusque
539 4268 578 4330 de
600 4271 747 4349 angustia
768 4269 963 4347 liberabitur,
987 4271 1136 4349 quoniam
1158 4291 1194 4333 os
1218 4271 1352 4334 Domini

398 4370 566 4449 loquutum
603 4378 661 4429 est.
719 4369 770 4431 Ad
800 4385 995 4434 momentum
1031 4372 1164 4434 turbinis
1200 4370 1351 4433 adversus

399 4468 569 4544 ecclesiam
585 4467 706 4531 malitia
721 4467 947 4549 debacchatur,
960 4484 991 4535 et
1006 4472 1156 4536 adversus
1173 4472 1349 4534 Dominum
