3875 5725
502 879 677 954 llum-u]
881 894 1061 941 nrrsronn.

669 1148 890 1212 EPISTOLA
913 1145 1099 1209 XIX—sn
1115 1163 1268 1208 sunnon.

841 1304 990 1367 Adriano
1005 1305 1117 1386 Papa.

538 1444 651 1507 Consu
688 1464 763 1526 quae
797 1438 983 1503 vertebatur
1017 1437 1101 1502 inter
1137 1436 1324 1521 magistrum
1355 1438 1447 1508 Jord,

495 1542 667 1609 Fantasma
692 1555 724 1606 et
749 1542 935 1626 magistrum
960 1541 1117 1606 Joannem
1142 1539 1287 1614 Joichel,
1314 1539 1446 1606 clericos

469 1707 473 1712 ,
495 1642 615 1707 domini
633 1641 872 1718 Wintoniensis,
886 1663 981 1725 super
993 1638 1136 1705 Winton.
1152 1641 1280 1705 tandem
1296 1643 1451 1708 translata

495 1756 542 1807 est
565 1744 604 1807 ad
626 1745 818 1808 audientiam
841 1754 992 1804 nostram.
1036 1741 1165 1808 Auditis
1186 1765 1263 1826 ergo
1284 1743 1449 1828 allegatio-

400 1879 410 1898 ·
495 1844 590 1920 nibus
616 1845 758 1930 magistri
784 1843 878 1907 Jord.
906 1855 938 1906 et
964 1841 1183 1905 instrumentis
1208 1843 1377 1927 diligenter
1400 1847 1450 1909 iu,

495 1947 620 2032 spectis,
637 1957 810 2010 memorato
827 1947 849 2008 J
851 1944 945 2007 oanni
967 1956 1119 2008 vestraet
1135 1945 1450 2011 nostraauctoritate

496 2047 701 2125 inhibuimus
712 2071 751 2111 ne
763 2061 873 2112 contra
885 2044 1080 2110 voluntatem
1097 2047 1120 2108 J
1122 2046 1190 2110 ord.
1206 2046 1328 2110 scholas
1339 2069 1449 2134 regere

493 2165 689 2236 presumeret
705 2150 736 2213 in
758 2147 891 2237 praefata
906 2148 1044 2212 civitate.
1090 2148 1152 2212 Die
1167 2172 1241 2212 vero
1256 2150 1401 2238 sequenti
1417 2153 1449 2219 iu

494 2266 603 2315 nostra
614 2253 783 2338 praesentia
794 2250 1017 2326 constiterunt,
1031 2250 1131 2313 multa
1146 2251 1177 2313 in
1191 2274 1223 2314 se
1236 2265 1449 2338 proponentes

493 2353 535 2416 ad
551 2353 700 2418 invicem:
725 2355 901 2427 iordanes,
914 2351 939 2415 si
952 2350 1080 2438 quidem
1092 2353 1282 2438 jamdictum
1293 2357 1447 2419 Joannem

494 2468 604 2519 contra
617 2457 800 2540 religionem
812 2455 886 2518 fidei
898 2455 931 2517 in
947 2454 1100 2541 praedicta
1111 2453 1239 2520 civitate
1251 2455 1311 2520 sibi
1327 2457 1449 2522 scholas

495 2582 673 2644 usurpasse,
688 2572 720 2623 et
735 2558 852 2622 damna
874 2559 1013 2645 plurima
1027 2559 1173 2623 intulisse
1195 2560 1332 2642 dicebat,
1346 2561 1448 2625 officio

494 2675 604 2725 nostro
628 2663 690 2725 sibi
712 2685 807 2746 super
830 2661 879 2724 his
901 2661 1048 2724 satisfieri
1070 2660 1242 2744 postulans.
1287 2665 1318 2725 E
1338 2677 1449 2728 contra

491 2765 631 2826 Jounnes
643 2786 674 2824 se
685 2763 810 2848 judicio
826 2762 947 2847 Synodi
959 2785 1055 2847 super
1069 2762 1143 2825 fidei
1160 2762 1284 2826 laesione
1300 2765 1447 2842 innocen-

494 2859 570 2925 tiam
583 2883 671 2924 suam
683 2884 835 2946 purgasse
844 2862 1053 2937 asserebat,et
1063 2862 1247 2945 magistrum
1255 2865 1278 2926 J
1279 2864 1447 2944 ordanum,

492 2962 543 3028 cui
572 2951 687 3024 similis*
708 2961 858 3046 purgatio
884 2959 1067 3045 adjudicata
1092 2973 1151 3037 est,
1176 2962 1325 3047 quoniam
1352 2987 1448 3050 super

493 3062 567 3126 fidei
577 3066 705 3134 laesione
714 3062 968 3140 ¹similitersuerat
978 3062 1288 3147 impetituS‚omnino
1297 3065 1448 3131 defecisse

492 3164 630 3244 dicebat,
650 3177 761 3250 petens
777 3177 813 3229 ut
834 3187 1018 3249 urgeremus
1034 3164 1084 3228 vel
1106 3164 1146 3227 ad
1162 3167 1384 3251 purgationem
1406 3192 1447 3234 ex

488 3265 612 3351 judicio
623 3264 847 3352 praestandam,
858 3266 907 3328 vel
922 3264 963 3329 ad
976 3265 1167 3351 implendam
1179 3266 1356 3352 pactionem
1372 3294 1447 3357 quae

493 3368 557 3432 fide·
572 3369 760 3455 interposita
771 3368 938 3433 dicebatur
953 3368 1052 3431 fuisse
1062 3369 1221 3433 roborata.
1253 3370 1323 3437 Illis
1338 3371 1448 3458 itaque

492 3470 536 3535 sic
557 3473 797 3552 altercantibus,
810 3476 948 3537 Joannes
969 3484 1105 3536 vestram
1122 3471 1316 3540 audientiam
1339 3476 1447 3563 appele

493 3572 580 3653 lavit,
591 3574 698 3637 dicens
713 3597 745 3637 se
760 3585 957 3637 ostensurum
975 3573 1061 3657 quod
1077 3574 1268 3658 saepedictus
1282 3578 1305 3638 J
1307 3578 1447 3645 ordanus

492 3674 675 3760 religionem
692 3675 766 3738 fidei
782 3687 813 3738 et
829 3678 1018 3739 sacramenti
1033 3687 1251 3754 temeraverat,
1264 3678 1347 3742 diem
1365 3703 1448 3764 prae-

492 3776 592 3861 figens
611 3777 811 3842 nativitatem
832 3776 918 3839 beati
940 3776 1085 3840 Joannis.
1131 3780 1239 3854 Quum
1259 3802 1336 3842 vero
1354 3782 1445 3846 Jord.

490 3879 703 3964 prolixitatem
727 3880 879 3966 temporis
906 3892 1099 3959 causaretur,
1121 3902 1159 3942 eo
1181 3880 1267 3966 quod
1291 3883 1331 3945 ab
1353 3883 1446 3948 initio

491 3983 675 4045 Decembris
687 4003 789 4067 usque
799 3981 840 4044 ad
850 3982 943 4043 finem
951 3982 974 4043 J
978 3982 1043 4045 unii
1054 3982 1223 4047 terminum
1233 4000 1447 4070 prorogasset,

490 4105 557 4144 eam
589 4083 761 4167 saepefatus
789 4085 929 4146 Joannes
955 4081 987 4145 in
1015 4083 1131 4147 festum
1162 4085 1247 4151 beati
1278 4086 1445 4154 Michaelis

490 4186 668 4266 protelavit.
714 4190 782 4251 Nos
798 4200 903 4250 autem
920 4186 1127 4271 quaestionem
1148 4188 1315 4253 criminum
1331 4205 1445 4257 vestrae

490 4301 686 4351 reservantes
697 4287 890 4366 discretioni,
908 4293 985 4376 quia
1000 4292 1040 4354 de
1050 4292 1125 4377 jure
1137 4291 1316 4357 scholarum
1332 4296 1445 4379 magis-

493 4387 533 4449 tri
554 4388 685 4452 Jordani
707 4392 882 4466 constabat,
906 4394 1141 4458 communicato
1164 4395 1299 4460 fratrum
1325 4411 1445 4459 nostro-

489 4510 560 4568 rum
578 4486 797 4568 cicestrensis,
812 4494 1065 4571 Herefordensis,
1080 4509 1113 4560 et
1129 4497 1348 4581 Wigornensis
1362 4498 1442 4583 epis,
