<?xml version="1.0" encoding="UTF-8"?>
<!DOCTYPE html PUBLIC "-//W3C//DTD XHTML 1.0 Transitional//EN"
    "http://www.w3.org/TR/xhtml1/DTD/xhtml1-transitional.dtd">
<html xmlns="http://www.w3.org/1999/xhtml" xml:lang="en" lang="en">
 <head>
  <title>
</title>
<meta http-equiv="Content-Type" content="text/html;charset=utf-8" />
  <meta name='ocr-system' content='tesseract 3.04.00' />
  <meta name='ocr-capabilities' content='ocr_page ocr_carea ocr_par ocr_line ocrx_word'/>
</head>
<body>
  <div class='ocr_page' id='page_1' title='image "./joannissaresber01johngoog_0105.png"; bbox 0 0 3875 5725; ppageno 0'>
   <div class='ocr_carea' id='block_1_1' title="bbox 495 816 1445 924">
    <p class='ocr_par' dir='ltr' id='par_1_1' title="bbox 495 816 1445 924">
     <span class='ocr_line' id='line_1_1' title="bbox 495 816 1445 924; baseline 0.003 -16"><span class='ocrx_word' id='word_1_1' title='bbox 495 844 688 924; x_wconf 65' lang='lat' dir='ltr'>llos-61]</span> <span class='ocrx_word' id='word_1_2' title='bbox 717 816 724 829; x_wconf 55' lang='lat'>&#39;</span> <span class='ocrx_word' id='word_1_3' title='bbox 879 862 1059 908; x_wconf 70' lang='lat' dir='ltr'>amasonia.</span> <span class='ocrx_word' id='word_1_4' title='bbox 1403 852 1445 911; x_wconf 82' lang='grc'>87</span> 
     </span>
    </p>
   </div>
   <div class='ocr_carea' id='block_1_2' title="bbox 489 1011 1464 4539">
    <p class='ocr_par' dir='ltr' id='par_1_2' title="bbox 489 1011 1464 4539">
     <span class='ocr_line' id='line_1_2' title="bbox 490 1011 1443 1098; baseline 0.003 -22"><span class='ocrx_word' id='word_1_5' title='bbox 490 1014 631 1079; x_wconf 88' lang='lat' dir='ltr'>caelibem</span> <span class='ocrx_word' id='word_1_6' title='bbox 649 1014 745 1078; x_wconf 88' lang='lat' dir='ltr'>vitam</span> <span class='ocrx_word' id='word_1_7' title='bbox 762 1011 872 1097; x_wconf 84' lang='lat' dir='ltr'>ignara</span> <span class='ocrx_word' id='word_1_8' title='bbox 886 1014 1022 1098; x_wconf 83' lang='lat' dir='ltr'>conjuge</span> <span class='ocrx_word' id='word_1_9' title='bbox 1039 1012 1180 1092; x_wconf 87' lang='lat' dir='ltr'>simulas,</span> <span class='ocrx_word' id='word_1_10' title='bbox 1194 1017 1245 1077; x_wconf 88' lang='lat' dir='ltr'>vel</span> <span class='ocrx_word' id='word_1_11' title='bbox 1264 1012 1296 1077; x_wconf 91' lang='lat' dir='ltr'>in</span> <span class='ocrx_word' id='word_1_12' title='bbox 1312 1012 1443 1079; x_wconf 88' lang='lat' dir='ltr'>alterius</span> 
     </span>
     <span class='ocr_line' id='line_1_3' title="bbox 492 1114 1444 1201; baseline 0.001 -22"><span class='ocrx_word' id='word_1_13' title='bbox 492 1115 603 1180; x_wconf 87' lang='lat' dir='ltr'>transis</span> <span class='ocrx_word' id='word_1_14' title='bbox 628 1118 815 1201; x_wconf 87' lang='lat' dir='ltr'>amplexus?</span> <span class='ocrx_word' id='word_1_15' title='bbox 846 1115 979 1199; x_wconf 86' lang='lat' dir='ltr'><strong>proinde</strong></span> <span class='ocrx_word' id='word_1_16' title='bbox 1011 1124 1078 1177; x_wconf 83' lang='lat' dir='ltr'>tota</span> <span class='ocrx_word' id='word_1_17' title='bbox 1101 1115 1168 1178; x_wconf 81' lang='lat' dir='ltr'>fere</span> <span class='ocrx_word' id='word_1_18' title='bbox 1197 1114 1292 1199; x_wconf 87' lang='lat' dir='ltr'>culpa</span> <span class='ocrx_word' id='word_1_19' title='bbox 1316 1115 1444 1180; x_wconf 87' lang='lat' dir='ltr'>videtur</span> 
     </span>
     <span class='ocr_line' id='line_1_4' title="bbox 489 1215 1444 1302; baseline 0.002 -23"><span class='ocrx_word' id='word_1_20' title='bbox 489 1239 557 1280; x_wconf 92' lang='lat' dir='ltr'>esse</span> <span class='ocrx_word' id='word_1_21' title='bbox 582 1216 771 1302; x_wconf 88' lang='lat' dir='ltr'>presbyteri,</span> <span class='ocrx_word' id='word_1_22' title='bbox 796 1215 937 1280; x_wconf 90' lang='lat' dir='ltr'>mulieris</span> <span class='ocrx_word' id='word_1_23' title='bbox 964 1236 1056 1301; x_wconf 66' lang='lat' dir='ltr'>aeque</span> <span class='ocrx_word' id='word_1_24' title='bbox 1082 1215 1171 1291; x_wconf 86' lang='lat' dir='ltr'>levis,</span> <span class='ocrx_word' id='word_1_25' title='bbox 1197 1215 1257 1279; x_wconf 88' lang='lat' dir='ltr'>nisi</span> <span class='ocrx_word' id='word_1_26' title='bbox 1283 1228 1444 1301; x_wconf 89' lang='lat' dir='ltr'>quatenus</span> 
     </span>
     <span class='ocr_line' id='line_1_5' title="bbox 489 1314 1445 1402; baseline 0.003 -23"><span class='ocrx_word' id='word_1_27' title='bbox 489 1339 643 1381; x_wconf 87' lang='lat' dir='ltr'>consensu</span> <span class='ocrx_word' id='word_1_28' title='bbox 664 1314 814 1390; x_wconf 91' lang='lat' dir='ltr'>secundo,</span> <span class='ocrx_word' id='word_1_29' title='bbox 837 1338 877 1379; x_wconf 86' lang='lat' dir='ltr'>ex</span> <span class='ocrx_word' id='word_1_30' title='bbox 901 1339 968 1402; x_wconf 93' lang='lat' dir='ltr'>quo</span> <span class='ocrx_word' id='word_1_31' title='bbox 993 1319 1132 1401; x_wconf 89' lang='lat' dir='ltr'>primum</span> <span class='ocrx_word' id='word_1_32' title='bbox 1155 1316 1258 1380; x_wconf 83' lang='lat' dir='ltr'>virum</span> <span class='ocrx_word' id='word_1_33' title='bbox 1281 1338 1445 1401; x_wconf 74' lang='lat' dir='ltr'>superesse</span> 
     </span>
     <span class='ocr_line' id='line_1_6' title="bbox 490 1417 1443 1504; baseline 0 -21"><span class='ocrx_word' id='word_1_34' title='bbox 490 1420 653 1504; x_wconf 86' lang='lat' dir='ltr'>cognovit,</span> <span class='ocrx_word' id='word_1_35' title='bbox 669 1418 799 1483; x_wconf 90' lang='lat' dir='ltr'>secundi</span> <span class='ocrx_word' id='word_1_36' title='bbox 816 1417 877 1482; x_wconf 87' lang='lat' dir='ltr'>viri</span> <span class='ocrx_word' id='word_1_37' title='bbox 892 1417 1021 1503; x_wconf 93' lang='lat' dir='ltr'>quidem</span> <span class='ocrx_word' id='word_1_38' title='bbox 1038 1430 1095 1481; x_wconf 90' lang='lat' dir='ltr'>aut</span> <span class='ocrx_word' id='word_1_39' title='bbox 1118 1419 1248 1483; x_wconf 90' lang='lat' dir='ltr'>omnino</span> <span class='ocrx_word' id='word_1_40' title='bbox 1269 1417 1370 1491; x_wconf 83' lang='lat' dir='ltr'>nulla,</span> <span class='ocrx_word' id='word_1_41' title='bbox 1387 1431 1443 1483; x_wconf 89' lang='lat' dir='ltr'>aut</span> 
     </span>
     <span class='ocr_line' id='line_1_7' title="bbox 489 1518 1445 1604; baseline -0.001 -21"><span class='ocrx_word' id='word_1_42' title='bbox 489 1534 575 1584; x_wconf 90' lang='lat' dir='ltr'>certe</span> <span class='ocrx_word' id='word_1_43' title='bbox 599 1520 740 1595; x_wconf 89' lang='lat' dir='ltr'>minima,</span> <span class='ocrx_word' id='word_1_44' title='bbox 764 1520 824 1582; x_wconf 91' lang='lat' dir='ltr'>nisi</span> <span class='ocrx_word' id='word_1_45' title='bbox 850 1531 882 1582; x_wconf 95' lang='lat' dir='ltr'>et</span> <span class='ocrx_word' id='word_1_46' title='bbox 908 1522 977 1604; x_wconf 93' lang='lat' dir='ltr'>ipse</span> <span class='ocrx_word' id='word_1_47' title='bbox 1003 1519 1087 1582; x_wconf 85' lang='lat' dir='ltr'>forte</span> <span class='ocrx_word' id='word_1_48' title='bbox 1113 1520 1228 1604; x_wconf 87' lang='lat' dir='ltr'>prioris</span> <span class='ocrx_word' id='word_1_49' title='bbox 1254 1518 1445 1590; x_wconf 80' lang='lat' dir='ltr'>matrimonii</span> 
     </span>
     <span class='ocr_line' id='line_1_8' title="bbox 490 1619 1446 1705; baseline 0 -22"><span class='ocrx_word' id='word_1_50' title='bbox 490 1621 634 1684; x_wconf 91' lang='lat' dir='ltr'>conscius</span> <span class='ocrx_word' id='word_1_51' title='bbox 654 1620 760 1684; x_wconf 89' lang='lat' dir='ltr'>fuerit.</span> <span class='ocrx_word' id='word_1_52' title='bbox 807 1620 889 1697; x_wconf 84' lang='lat' dir='ltr'>Quia</span> <span class='ocrx_word' id='word_1_53' title='bbox 910 1642 988 1702; x_wconf 89' lang='lat' dir='ltr'>ergo</span> <span class='ocrx_word' id='word_1_54' title='bbox 1011 1619 1159 1683; x_wconf 66' lang='lat' dir='ltr'>secundae</span> <span class='ocrx_word' id='word_1_55' title='bbox 1179 1643 1254 1705; x_wconf 86' lang='lat' dir='ltr'>quae</span> <span class='ocrx_word' id='word_1_56' title='bbox 1273 1622 1350 1684; x_wconf 85' lang='lat' dir='ltr'>visae</span> <span class='ocrx_word' id='word_1_57' title='bbox 1371 1635 1446 1684; x_wconf 90' lang='lat' dir='ltr'>sunt</span> 
     </span>
     <span class='ocr_line' id='line_1_9' title="bbox 493 1719 1447 1804; baseline 0.001 -22"><span class='ocrx_word' id='word_1_58' title='bbox 493 1743 554 1783; x_wconf 92' lang='lat' dir='ltr'>non</span> <span class='ocrx_word' id='word_1_59' title='bbox 577 1720 709 1784; x_wconf 86' lang='lat' dir='ltr'>fuerunt</span> <span class='ocrx_word' id='word_1_60' title='bbox 732 1721 866 1804; x_wconf 68' lang='lat' dir='ltr'>nuptiae,</span> <span class='ocrx_word' id='word_1_61' title='bbox 889 1719 1024 1782; x_wconf 90' lang='lat' dir='ltr'>maritus</span> <span class='ocrx_word' id='word_1_62' title='bbox 1050 1721 1207 1802; x_wconf 78' lang='lat' dir='ltr'><strong>posterior</strong></span> <span class='ocrx_word' id='word_1_63' title='bbox 1234 1722 1258 1783; x_wconf 91' lang='lat' dir='ltr'>si</span> <span class='ocrx_word' id='word_1_64' title='bbox 1285 1722 1447 1785; x_wconf 88' lang='lat' dir='ltr'>continere</span> 
     </span>
     <span class='ocr_line' id='line_1_10' title="bbox 493 1819 1448 1907; baseline 0.001 -23"><span class='ocrx_word' id='word_1_65' title='bbox 493 1843 555 1884; x_wconf 91' lang='lat' dir='ltr'>non</span> <span class='ocrx_word' id='word_1_66' title='bbox 570 1834 686 1906; x_wconf 90' lang='lat' dir='ltr'>potest,</span> <span class='ocrx_word' id='word_1_67' title='bbox 704 1830 837 1884; x_wconf 88' lang='lat' dir='ltr'>autnon</span> <span class='ocrx_word' id='word_1_68' title='bbox 853 1820 934 1894; x_wconf 88' lang='lat' dir='ltr'>vult,</span> <span class='ocrx_word' id='word_1_69' title='bbox 951 1821 1040 1905; x_wconf 93' lang='lat' dir='ltr'>quod</span> <span class='ocrx_word' id='word_1_70' title='bbox 1059 1819 1144 1883; x_wconf 87' lang='lat' dir='ltr'>forte</span> <span class='ocrx_word' id='word_1_71' title='bbox 1165 1820 1265 1905; x_wconf 86' lang='lat' dir='ltr'>magis</span> <span class='ocrx_word' id='word_1_72' title='bbox 1284 1821 1448 1907; x_wconf 82' lang='lat' dir='ltr'>expediret</span> 
     </span>
     <span class='ocr_line' id='line_1_11' title="bbox 493 1918 1448 2007; baseline 0.003 -23"><span class='ocrx_word' id='word_1_73' title='bbox 493 1934 625 2007; x_wconf 91' lang='lat' dir='ltr'>propter</span> <span class='ocrx_word' id='word_1_74' title='bbox 639 1922 765 1998; x_wconf 87' lang='lat' dir='ltr'>liberos,</span> <span class='ocrx_word' id='word_1_75' title='bbox 781 1944 880 2005; x_wconf 77' lang='lat' dir='ltr'>qiram</span> <span class='ocrx_word' id='word_1_76' title='bbox 900 1918 1038 1985; x_wconf 88' lang='lat' dir='ltr'>voluerit</span> <span class='ocrx_word' id='word_1_77' title='bbox 1060 1921 1169 1998; x_wconf 88' lang='lat' dir='ltr'>ducat,</span> <span class='ocrx_word' id='word_1_78' title='bbox 1185 1935 1310 1987; x_wconf 84' lang='lat' dir='ltr'>tantum</span> <span class='ocrx_word' id='word_1_79' title='bbox 1332 1922 1363 1986; x_wconf 89' lang='lat' dir='ltr'>in</span> <span class='ocrx_word' id='word_1_80' title='bbox 1381 1923 1448 1987; x_wconf 93' lang='lat' dir='ltr'>Do-</span> 
     </span>
     <span class='ocr_line' id='line_1_12' title="bbox 494 2023 1450 2110; baseline 0.001 -22"><span class='ocrx_word' id='word_1_81' title='bbox 494 2028 589 2091; x_wconf 90' lang='lat' dir='ltr'>mino.</span> <span class='ocrx_word' id='word_1_82' title='bbox 637 2026 809 2110; x_wconf 85' lang='lat' dir='ltr'>Presbyter</span> <span class='ocrx_word' id='word_1_83' title='bbox 825 2045 912 2102; x_wconf 88' lang='lat' dir='ltr'>vero,</span> <span class='ocrx_word' id='word_1_84' title='bbox 927 2023 984 2108; x_wconf 90' lang='lat' dir='ltr'>qui</span> <span class='ocrx_word' id='word_1_85' title='bbox 1000 2045 1129 2088; x_wconf 88' lang='lat' dir='ltr'>causam</span> <span class='ocrx_word' id='word_1_86' title='bbox 1145 2024 1236 2088; x_wconf 83' lang='lat' dir='ltr'>dedit</span> <span class='ocrx_word' id='word_1_87' title='bbox 1251 2023 1392 2100; x_wconf 90' lang='lat' dir='ltr'>dissidio,</span> <span class='ocrx_word' id='word_1_88' title='bbox 1408 2024 1450 2089; x_wconf 88' lang='lat' dir='ltr'>ad</span> 
     </span>
     <span class='ocr_line' id='line_1_13' title="bbox 493 2125 1448 2211; baseline 0.002 -21"><span class='ocrx_word' id='word_1_89' title='bbox 493 2125 724 2194; x_wconf 89' lang='lat' dir='ltr'>restitutionem</span> <span class='ocrx_word' id='word_1_90' title='bbox 740 2126 825 2190; x_wconf 90' lang='lat' dir='ltr'>dotis</span> <span class='ocrx_word' id='word_1_91' title='bbox 840 2138 967 2191; x_wconf 91' lang='lat' dir='ltr'>tenetur</span> <span class='ocrx_word' id='word_1_92' title='bbox 984 2125 1089 2204; x_wconf 85' lang='lat' dir='ltr'>uxori,</span> <span class='ocrx_word' id='word_1_93' title='bbox 1103 2125 1277 2211; x_wconf 76' lang='lat' dir='ltr'>praesertim</span> <span class='ocrx_word' id='word_1_94' title='bbox 1292 2149 1394 2211; x_wconf 92' lang='lat' dir='ltr'>quum</span> <span class='ocrx_word' id='word_1_95' title='bbox 1414 2127 1448 2193; x_wconf 89' lang='lat' dir='ltr'>iu</span> 
     </span>
     <span class='ocr_line' id='line_1_14' title="bbox 494 2227 1448 2316; baseline -0.001 -23"><span class='ocrx_word' id='word_1_96' title='bbox 494 2229 664 2316; x_wconf 79' lang='lat' dir='ltr'>praesentia</span> <span class='ocrx_word' id='word_1_97' title='bbox 678 2243 794 2308; x_wconf 88' lang='lat' dir='ltr'>vestra,</span> <span class='ocrx_word' id='word_1_98' title='bbox 809 2229 842 2292; x_wconf 92' lang='lat' dir='ltr'>in</span> <span class='ocrx_word' id='word_1_99' title='bbox 858 2229 958 2292; x_wconf 87' lang='lat' dir='ltr'>verbo</span> <span class='ocrx_word' id='word_1_100' title='bbox 973 2227 1127 2303; x_wconf 87' lang='lat' dir='ltr'>veritatis,</span> <span class='ocrx_word' id='word_1_101' title='bbox 1142 2228 1230 2313; x_wconf 92' lang='lat' dir='ltr'>quod</span> <span class='ocrx_word' id='word_1_102' title='bbox 1245 2228 1331 2293; x_wconf 91' lang='lat' dir='ltr'>omni</span> <span class='ocrx_word' id='word_1_103' title='bbox 1348 2227 1448 2314; x_wconf 89' lang='lat' dir='ltr'>stipu-</span> 
     </span>
     <span class='ocr_line' id='line_1_15' title="bbox 493 2329 1447 2417; baseline -0.001 -21"><span class='ocrx_word' id='word_1_104' title='bbox 493 2331 604 2396; x_wconf 81' lang='lat' dir='ltr'>lationi</span> <span class='ocrx_word' id='word_1_105' title='bbox 626 2334 790 2417; x_wconf 82' lang='lat' dir='ltr'>praevalet,</span> <span class='ocrx_word' id='word_1_106' title='bbox 815 2330 849 2394; x_wconf 90' lang='lat' dir='ltr'>in</span> <span class='ocrx_word' id='word_1_107' title='bbox 874 2353 929 2395; x_wconf 91' lang='lat' dir='ltr'>ore</span> <span class='ocrx_word' id='word_1_108' title='bbox 954 2329 1126 2393; x_wconf 91' lang='lat' dir='ltr'>sacerdotis</span> <span class='ocrx_word' id='word_1_109' title='bbox 1148 2351 1183 2393; x_wconf 90' lang='lat' dir='ltr'>se</span> <span class='ocrx_word' id='word_1_110' title='bbox 1208 2329 1447 2395; x_wconf 77' lang='lat' dir='ltr'>aestimationem</span> 
     </span>
     <span class='ocr_line' id='line_1_16' title="bbox 493 2428 1449 2519; baseline -0.001 -21"><span class='ocrx_word' id='word_1_111' title='bbox 493 2433 580 2498; x_wconf 90' lang='lat' dir='ltr'>illius</span> <span class='ocrx_word' id='word_1_112' title='bbox 609 2432 790 2519; x_wconf 86' lang='lat' dir='ltr'>promiserit</span> <span class='ocrx_word' id='word_1_113' title='bbox 819 2431 1030 2497; x_wconf 90' lang='lat' dir='ltr'>redditurum.</span> <span class='ocrx_word' id='word_1_114' title='bbox 1077 2433 1110 2494; x_wconf 84' lang='lat' dir='ltr'>si</span> <span class='ocrx_word' id='word_1_115' title='bbox 1138 2428 1218 2516; x_wconf 88' lang='lat' dir='ltr'>quid</span> <span class='ocrx_word' id='word_1_116' title='bbox 1247 2442 1354 2495; x_wconf 90' lang='lat' dir='ltr'>autem</span> <span class='ocrx_word' id='word_1_117' title='bbox 1385 2432 1449 2498; x_wconf 87' lang='lat' dir='ltr'>sin·</span> 
     </span>
     <span class='ocr_line' id='line_1_17' title="bbox 492 2532 1451 2610; baseline -0.001 -11"><span class='ocrx_word' id='word_1_118' title='bbox 492 2535 599 2600; x_wconf 74' lang='lat' dir='ltr'>serius</span> <span class='ocrx_word' id='word_1_119' title='bbox 621 2546 653 2598; x_wconf 88' lang='lat' dir='ltr'>et</span> <span class='ocrx_word' id='word_1_120' title='bbox 676 2534 786 2598; x_wconf 89' lang='lat' dir='ltr'>utilius</span> <span class='ocrx_word' id='word_1_121' title='bbox 809 2556 827 2596; x_wconf 91' lang='lat' dir='ltr'>a</span> <span class='ocrx_word' id='word_1_122' title='bbox 850 2532 989 2597; x_wconf 91' lang='lat' dir='ltr'>Domino</span> <span class='ocrx_word' id='word_1_123' title='bbox 1014 2532 1138 2597; x_wconf 88' lang='lat' dir='ltr'>caritati</span> <span class='ocrx_word' id='word_1_124' title='bbox 1162 2545 1276 2596; x_wconf 87' lang='lat' dir='ltr'>vestrae</span> <span class='ocrx_word' id='word_1_125' title='bbox 1296 2532 1451 2610; x_wconf 84' lang='lat' dir='ltr'>illuxerit,</span> 
     </span>
     <span class='ocr_line' id='line_1_18' title="bbox 493 2633 1451 2719; baseline 0.002 -21"><span class='ocrx_word' id='word_1_126' title='bbox 493 2659 535 2698; x_wconf 83' lang='lat' dir='ltr'>ex</span> <span class='ocrx_word' id='word_1_127' title='bbox 556 2635 658 2698; x_wconf 90' lang='lat' dir='ltr'>officio</span> <span class='ocrx_word' id='word_1_128' title='bbox 680 2647 786 2698; x_wconf 88' lang='lat' dir='ltr'>vestro</span> <span class='ocrx_word' id='word_1_129' title='bbox 808 2633 889 2698; x_wconf 92' lang='lat' dir='ltr'>illud</span> <span class='ocrx_word' id='word_1_130' title='bbox 912 2638 1048 2719; x_wconf 86' lang='lat' dir='ltr'>explete.</span> <span class='ocrx_word' id='word_1_131' title='bbox 1095 2637 1163 2699; x_wconf 89' lang='lat' dir='ltr'>Nos</span> <span class='ocrx_word' id='word_1_132' title='bbox 1184 2636 1269 2698; x_wconf 86' lang='lat' dir='ltr'>enim</span> <span class='ocrx_word' id='word_1_133' title='bbox 1292 2633 1352 2698; x_wconf 91' lang='lat' dir='ltr'>ista</span> <span class='ocrx_word' id='word_1_134' title='bbox 1377 2657 1451 2700; x_wconf 88' lang='lat' dir='ltr'>oon·</span> 
     </span>
     <span class='ocr_line' id='line_1_19' title="bbox 494 2735 1451 2821; baseline 0.001 -23"><span class='ocrx_word' id='word_1_135' title='bbox 494 2735 627 2798; x_wconf 92' lang='lat' dir='ltr'>sulendo</span> <span class='ocrx_word' id='word_1_136' title='bbox 647 2735 911 2821; x_wconf 85' lang='lat' dir='ltr'>praescripsimus,</span> <span class='ocrx_word' id='word_1_137' title='bbox 927 2735 993 2799; x_wconf 89' lang='lat' dir='ltr'>sine</span> <span class='ocrx_word' id='word_1_138' title='bbox 1014 2735 1204 2820; x_wconf 78' lang='lat' dir='ltr'>praejudicio</span> <span class='ocrx_word' id='word_1_139' title='bbox 1223 2735 1386 2799; x_wconf 74' lang='lat' dir='ltr'>sententiaa</span> <span class='ocrx_word' id='word_1_140' title='bbox 1404 2757 1451 2799; x_wconf 87' lang='lat' dir='ltr'>sa-</span> 
     </span>
     <span class='ocr_line' id='line_1_20' title="bbox 494 2833 1449 2922; baseline -0.001 -22"><span class='ocrx_word' id='word_1_141' title='bbox 494 2836 605 2912; x_wconf 76' lang='lat' dir='ltr'>nione,</span> <span class='ocrx_word' id='word_1_142' title='bbox 621 2835 770 2922; x_wconf 87' lang='lat' dir='ltr'>episeopo</span> <span class='ocrx_word' id='word_1_143' title='bbox 793 2833 1015 2899; x_wconf 90' lang='lat' dir='ltr'>Linoolnieusi.</span> <span class='ocrx_word' id='word_1_144' title='bbox 1064 2835 1246 2917; x_wconf 83' lang='lat' dir='ltr'>Presbyter,</span> <span class='ocrx_word' id='word_1_145' title='bbox 1263 2856 1356 2917; x_wconf 91' lang='lat' dir='ltr'>quem</span> <span class='ocrx_word' id='word_1_146' title='bbox 1378 2856 1449 2900; x_wconf 89' lang='lat' dir='ltr'>cum</span> 
     </span>
     <span class='ocr_line' id='line_1_21' title="bbox 495 2933 1451 3022; baseline -0.001 -21"><span class='ocrx_word' id='word_1_147' title='bbox 495 2938 605 3007; x_wconf 84' lang='lat' dir='ltr'>latrice</span> <span class='ocrx_word' id='word_1_148' title='bbox 626 2938 830 3022; x_wconf 88' lang='lat' dir='ltr'>praesentium</span> <span class='ocrx_word' id='word_1_149' title='bbox 848 2946 971 2997; x_wconf 83' lang='lat' dir='ltr'>constat</span> <span class='ocrx_word' id='word_1_150' title='bbox 987 2934 1223 2996; x_wconf 86' lang='lat' dir='ltr'>matrimonium</span> <span class='ocrx_word' id='word_1_151' title='bbox 1246 2933 1451 3013; x_wconf 81' lang='lat' dir='ltr'>contraxisse,</span> 
     </span>
     <span class='ocr_line' id='line_1_22' title="bbox 493 3033 1452 3127; baseline -0.008 -21"><span class='ocrx_word' id='word_1_152' title='bbox 493 3041 574 3127; x_wconf 90' lang='lat' dir='ltr'>quia</span> <span class='ocrx_word' id='word_1_153' title='bbox 596 3037 745 3104; x_wconf 91' lang='lat' dir='ltr'>adulterii</span> <span class='ocrx_word' id='word_1_154' title='bbox 768 3058 894 3100; x_wconf 83' lang='lat' dir='ltr'>causam</span> <span class='ocrx_word' id='word_1_155' title='bbox 920 3034 1021 3113; x_wconf 89' lang='lat' dir='ltr'>dedit,</span> <span class='ocrx_word' id='word_1_156' title='bbox 1042 3046 1074 3097; x_wconf 92' lang='lat' dir='ltr'>et</span> <span class='ocrx_word' id='word_1_157' title='bbox 1100 3056 1198 3098; x_wconf 86' lang='lat' dir='ltr'>uxore</span> <span class='ocrx_word' id='word_1_158' title='bbox 1221 3033 1329 3100; x_wconf 88' lang='lat' dir='ltr'>relicta</span> <span class='ocrx_word' id='word_1_159' title='bbox 1352 3057 1452 3099; x_wconf 88' lang='lat' dir='ltr'>sacer-</span> 
     </span>
     <span class='ocr_line' id='line_1_23' title="bbox 495 3136 1451 3224; baseline -0.004 -17"><span class='ocrx_word' id='word_1_160' title='bbox 495 3143 620 3207; x_wconf 89' lang='lat' dir='ltr'>dotium</span> <span class='ocrx_word' id='word_1_161' title='bbox 652 3139 833 3223; x_wconf 87' lang='lat' dir='ltr'>usurpavit,</span> <span class='ocrx_word' id='word_1_162' title='bbox 859 3136 1015 3201; x_wconf 90' lang='lat' dir='ltr'>arcendus</span> <span class='ocrx_word' id='word_1_163' title='bbox 1039 3149 1087 3201; x_wconf 90' lang='lat' dir='ltr'>est</span> <span class='ocrx_word' id='word_1_164' title='bbox 1111 3159 1131 3200; x_wconf 93' lang='lat' dir='ltr'>a</span> <span class='ocrx_word' id='word_1_165' title='bbox 1160 3136 1335 3201; x_wconf 87' lang='lat' dir='ltr'>ministerio</span> <span class='ocrx_word' id='word_1_166' title='bbox 1364 3137 1451 3224; x_wconf 91' lang='lat' dir='ltr'>quod</span> 
     </span>
     <span class='ocr_line' id='line_1_24' title="bbox 495 3237 1451 3329; baseline -0.003 -22"><span class='ocrx_word' id='word_1_167' title='bbox 495 3243 712 3329; x_wconf 69' lang='lat' dir='ltr'>praesumpsit,</span> <span class='ocrx_word' id='word_1_168' title='bbox 734 3262 835 3326; x_wconf 91' lang='lat' dir='ltr'>quum</span> <span class='ocrx_word' id='word_1_169' title='bbox 862 3262 942 3304; x_wconf 85' lang='lat' dir='ltr'>uxor</span> <span class='ocrx_word' id='word_1_170' title='bbox 965 3240 1036 3325; x_wconf 84' lang='lat' dir='ltr'>ejus</span> <span class='ocrx_word' id='word_1_171' title='bbox 1058 3237 1283 3302; x_wconf 82' lang='lat' dir='ltr'>continentiam</span> <span class='ocrx_word' id='word_1_172' title='bbox 1309 3238 1451 3323; x_wconf 85' lang='lat' dir='ltr'>elegerit.</span> 
     </span>
     <span class='ocr_line' id='line_1_25' title="bbox 498 3339 1452 3427; baseline -0.004 -18"><span class='ocrx_word' id='word_1_173' title='bbox 498 3345 651 3410; x_wconf 88' lang='lat' dir='ltr'>Illicitum</span> <span class='ocrx_word' id='word_1_174' title='bbox 668 3355 716 3407; x_wconf 89' lang='lat' dir='ltr'>est</span> <span class='ocrx_word' id='word_1_175' title='bbox 735 3341 923 3427; x_wconf 89' lang='lat' dir='ltr'>presbytero</span> <span class='ocrx_word' id='word_1_176' title='bbox 940 3341 1045 3405; x_wconf 89' lang='lat' dir='ltr'>redire</span> <span class='ocrx_word' id='word_1_177' title='bbox 1063 3340 1105 3407; x_wconf 90' lang='lat' dir='ltr'>ad</span> <span class='ocrx_word' id='word_1_178' title='bbox 1126 3339 1257 3425; x_wconf 88' lang='lat' dir='ltr'>nuptias</span> <span class='ocrx_word' id='word_1_179' title='bbox 1278 3362 1358 3425; x_wconf 90' lang='lat' dir='ltr'>quas</span> <span class='ocrx_word' id='word_1_180' title='bbox 1377 3361 1452 3405; x_wconf 88' lang='lat' dir='ltr'>con-</span> 
     </span>
     <span class='ocr_line' id='line_1_26' title="bbox 496 3440 1464 3533; baseline -0.006 -21"><span class='ocrx_word' id='word_1_181' title='bbox 496 3446 636 3533; x_wconf 87' lang='lat' dir='ltr'>tempsit.</span> <span class='ocrx_word' id='word_1_182' title='bbox 684 3444 897 3509; x_wconf 83' lang='lat' dir='ltr'>Continentioe</span> <span class='ocrx_word' id='word_1_183' title='bbox 924 3442 1084 3527; x_wconf 89' lang='lat' dir='ltr'>siquidem</span> <span class='ocrx_word' id='word_1_184' title='bbox 1110 3455 1221 3507; x_wconf 89' lang='lat' dir='ltr'>votum</span> <span class='ocrx_word' id='word_1_185' title='bbox 1248 3440 1343 3507; x_wconf 86' lang='lat' dir='ltr'>sacris</span> <span class='ocrx_word' id='word_1_186' title='bbox 1367 3443 1464 3506; x_wconf 72' lang='lat' dir='ltr'>ordi·</span> 
     </span>
     <span class='ocr_line' id='line_1_27' title="bbox 495 3544 1451 3632; baseline -0.003 -19"><span class='ocrx_word' id='word_1_187' title='bbox 495 3548 590 3613; x_wconf 91' lang='lat' dir='ltr'>nibus</span> <span class='ocrx_word' id='word_1_188' title='bbox 619 3559 677 3612; x_wconf 89' lang='lat' dir='ltr'>aut</span> <span class='ocrx_word' id='word_1_189' title='bbox 706 3568 904 3632; x_wconf 86' lang='lat' dir='ltr'>expressum,</span> <span class='ocrx_word' id='word_1_190' title='bbox 926 3558 984 3610; x_wconf 87' lang='lat' dir='ltr'>aut</span> <span class='ocrx_word' id='word_1_191' title='bbox 1007 3545 1103 3610; x_wconf 87' lang='lat' dir='ltr'>tacite</span> <span class='ocrx_word' id='word_1_192' title='bbox 1127 3544 1283 3607; x_wconf 90' lang='lat' dir='ltr'>insertum</span> <span class='ocrx_word' id='word_1_193' title='bbox 1311 3555 1371 3621; x_wconf 87' lang='lat' dir='ltr'>est,</span> <span class='ocrx_word' id='word_1_194' title='bbox 1393 3566 1451 3610; x_wconf 88' lang='lat' dir='ltr'>nec</span> 
     </span>
     <span class='ocr_line' id='line_1_28' title="bbox 495 3643 1452 3736; baseline -0.005 -23"><span class='ocrx_word' id='word_1_195' title='bbox 495 3651 626 3736; x_wconf 86' lang='lat' dir='ltr'>prodest</span> <span class='ocrx_word' id='word_1_196' title='bbox 641 3648 841 3733; x_wconf 88' lang='lat' dir='ltr'>presbytero,</span> <span class='ocrx_word' id='word_1_197' title='bbox 853 3646 939 3732; x_wconf 86' lang='lat' dir='ltr'>quod</span> <span class='ocrx_word' id='word_1_198' title='bbox 957 3669 990 3710; x_wconf 89' lang='lat' dir='ltr'>se</span> <span class='ocrx_word' id='word_1_199' title='bbox 1006 3661 1148 3726; x_wconf 88' lang='lat' dir='ltr'>tempore</span> <span class='ocrx_word' id='word_1_200' title='bbox 1162 3643 1364 3708; x_wconf 77' lang='lat' dir='ltr'>continentiae</span> <span class='ocrx_word' id='word_1_201' title='bbox 1379 3645 1452 3709; x_wconf 89' lang='lat' dir='ltr'>sub-</span> 
     </span>
     <span class='ocr_line' id='line_1_29' title="bbox 496 3746 1452 3835; baseline -0.004 -22"><span class='ocrx_word' id='word_1_202' title='bbox 496 3750 666 3815; x_wconf 89' lang='lat' dir='ltr'>diaconum</span> <span class='ocrx_word' id='word_1_203' title='bbox 690 3750 789 3813; x_wconf 86' lang='lat' dir='ltr'>fuisse</span> <span class='ocrx_word' id='word_1_204' title='bbox 816 3746 939 3835; x_wconf 85' lang='lat' dir='ltr'>juravit</span> <span class='ocrx_word' id='word_1_205' title='bbox 965 3746 1051 3811; x_wconf 90' lang='lat' dir='ltr'>solus</span> <span class='ocrx_word' id='word_1_206' title='bbox 1079 3757 1235 3829; x_wconf 89' lang='lat' dir='ltr'>praesente</span> <span class='ocrx_word' id='word_1_207' title='bbox 1263 3758 1294 3806; x_wconf 91' lang='lat' dir='ltr'>et</span> <span class='ocrx_word' id='word_1_208' title='bbox 1325 3757 1452 3826; x_wconf 85' lang='lat' dir='ltr'>petente</span> 
     </span>
     <span class='ocr_line' id='line_1_30' title="bbox 497 3843 1452 3933; baseline -0.007 -19"><span class='ocrx_word' id='word_1_209' title='bbox 497 3851 625 3916; x_wconf 91' lang='lat' dir='ltr'>domino</span> <span class='ocrx_word' id='word_1_210' title='bbox 642 3848 859 3931; x_wconf 82' lang='lat' dir='ltr'>Wigornensi,</span> <span class='ocrx_word' id='word_1_211' title='bbox 875 3869 976 3933; x_wconf 92' lang='lat' dir='ltr'>quum</span> <span class='ocrx_word' id='word_1_212' title='bbox 992 3846 1075 3909; x_wconf 89' lang='lat' dir='ltr'>idern</span> <span class='ocrx_word' id='word_1_213' title='bbox 1094 3843 1289 3928; x_wconf 91' lang='lat' dir='ltr'>disquirente</span> <span class='ocrx_word' id='word_1_214' title='bbox 1303 3845 1452 3930; x_wconf 86' lang='lat' dir='ltr'>episcopo</span> 
     </span>
     <span class='ocr_line' id='line_1_31' title="bbox 497 3943 1453 4036; baseline -0.007 -18"><span class='ocrx_word' id='word_1_215' title='bbox 497 3950 686 4018; x_wconf 77' lang='lat' dir='ltr'>Cicestrensi</span> <span class='ocrx_word' id='word_1_216' title='bbox 702 3973 734 4015; x_wconf 89' lang='lat' dir='ltr'>se</span> <span class='ocrx_word' id='word_1_217' title='bbox 749 3950 906 4036; x_wconf 89' lang='lat' dir='ltr'>dejerasse</span> <span class='ocrx_word' id='word_1_218' title='bbox 921 3947 1086 4011; x_wconf 83' lang='lat' dir='ltr'>confessus</span> <span class='ocrx_word' id='word_1_219' title='bbox 1097 3946 1148 4010; x_wconf 86' lang='lat' dir='ltr'>sit.</span> <span class='ocrx_word' id='word_1_220' title='bbox 1179 3943 1329 4008; x_wconf 82' lang='lat' dir='ltr'>Profecto</span> <span class='ocrx_word' id='word_1_221' title='bbox 1341 3944 1367 4010; x_wconf 92' lang='lat' dir='ltr'>si</span> <span class='ocrx_word' id='word_1_222' title='bbox 1378 3947 1453 4011; x_wconf 89' lang='lat' dir='ltr'>sub-</span> 
     </span>
     <span class='ocr_line' id='line_1_32' title="bbox 497 4046 1452 4136; baseline 0 -21"><span class='ocrx_word' id='word_1_223' title='bbox 497 4053 649 4118; x_wconf 87' lang='lat' dir='ltr'>diaconus</span> <span class='ocrx_word' id='word_1_224' title='bbox 674 4052 832 4118; x_wconf 86' lang='lat' dir='ltr'>contraxit</span> <span class='ocrx_word' id='word_1_225' title='bbox 857 4048 1108 4126; x_wconf 89' lang='lat' dir='ltr'>matrimonium,</span> <span class='ocrx_word' id='word_1_226' title='bbox 1133 4046 1245 4112; x_wconf 90' lang='lat' dir='ltr'>ordine</span> <span class='ocrx_word' id='word_1_227' title='bbox 1268 4059 1452 4136; x_wconf 84' lang='lat' dir='ltr'>contempto</span> 
     </span>
     <span class='ocr_line' id='line_1_33' title="bbox 498 4148 1452 4236; baseline 0.004 -21"><span class='ocrx_word' id='word_1_228' title='bbox 498 4165 530 4216; x_wconf 88' lang='lat' dir='ltr'>et</span> <span class='ocrx_word' id='word_1_229' title='bbox 562 4168 713 4221; x_wconf 87' lang='lat' dir='ltr'>temerato</span> <span class='ocrx_word' id='word_1_230' title='bbox 743 4154 920 4220; x_wconf 88' lang='lat' dir='ltr'>sacerdotio</span> <span class='ocrx_word' id='word_1_231' title='bbox 941 4151 1095 4236; x_wconf 86' lang='lat' dir='ltr'>indignus</span> <span class='ocrx_word' id='word_1_232' title='bbox 1119 4162 1185 4215; x_wconf 87' lang='lat' dir='ltr'>est:</span> <span class='ocrx_word' id='word_1_233' title='bbox 1219 4148 1247 4214; x_wconf 90' lang='lat' dir='ltr'>si</span> <span class='ocrx_word' id='word_1_234' title='bbox 1272 4148 1452 4235; x_wconf 83' lang='lat' dir='ltr'>acolythus,</span> 
     </span>
     <span class='ocr_line' id='line_1_34' title="bbox 497 4252 1452 4342; baseline -0.002 -25"><span class='ocrx_word' id='word_1_235' title='bbox 497 4277 590 4337; x_wconf 71' lang='lat' dir='ltr'>aque</span> <span class='ocrx_word' id='word_1_236' title='bbox 619 4270 803 4342; x_wconf 89' lang='lat' dir='ltr'>contempto</span> <span class='ocrx_word' id='word_1_237' title='bbox 832 4253 1008 4321; x_wconf 90' lang='lat' dir='ltr'>sacerdotio</span> <span class='ocrx_word' id='word_1_238' title='bbox 1037 4252 1188 4338; x_wconf 80' lang='lat' dir='ltr'>indignus</span> <span class='ocrx_word' id='word_1_239' title='bbox 1217 4263 1276 4325; x_wconf 85' lang='lat' dir='ltr'>est,</span> <span class='ocrx_word' id='word_1_240' title='bbox 1308 4263 1341 4315; x_wconf 95' lang='lat' dir='ltr'>et</span> <span class='ocrx_word' id='word_1_241' title='bbox 1369 4275 1452 4337; x_wconf 84' lang='lat' dir='ltr'>prae·</span> 
     </span>
     <span class='ocr_line' id='line_1_35' title="bbox 499 4351 1453 4442; baseline -0.001 -25"><span class='ocrx_word' id='word_1_242' title='bbox 499 4367 643 4437; x_wconf 76' lang='lat' dir='ltr'>sumpt03</span> <span class='ocrx_word' id='word_1_243' title='bbox 668 4369 817 4420; x_wconf 76' lang='lat' dir='ltr'>craterum</span> <span class='ocrx_word' id='word_1_244' title='bbox 833 4357 888 4442; x_wconf 91' lang='lat' dir='ltr'>qui</span> <span class='ocrx_word' id='word_1_245' title='bbox 905 4355 1036 4421; x_wconf 89' lang='lat' dir='ltr'>dissidio</span> <span class='ocrx_word' id='word_1_246' title='bbox 1051 4375 1177 4418; x_wconf 89' lang='lat' dir='ltr'>causam</span> <span class='ocrx_word' id='word_1_247' title='bbox 1200 4351 1289 4416; x_wconf 88' lang='lat' dir='ltr'>dedit</span> <span class='ocrx_word' id='word_1_248' title='bbox 1306 4351 1346 4416; x_wconf 91' lang='lat' dir='ltr'>ad</span> <span class='ocrx_word' id='word_1_249' title='bbox 1362 4356 1453 4416; x_wconf 89' lang='lat' dir='ltr'>resti·</span> 
     </span>
     <span class='ocr_line' id='line_1_36' title="bbox 500 4450 1450 4539; baseline -0.004 -17"><span class='ocrx_word' id='word_1_250' title='bbox 500 4457 657 4522; x_wconf 89' lang='lat' dir='ltr'>tutionem</span> <span class='ocrx_word' id='word_1_251' title='bbox 685 4456 768 4520; x_wconf 88' lang='lat' dir='ltr'>dotis</span> <span class='ocrx_word' id='word_1_252' title='bbox 794 4467 920 4523; x_wconf 89' lang='lat' dir='ltr'>tenetur</span> <span class='ocrx_word' id='word_1_253' title='bbox 951 4456 1052 4529; x_wconf 86' lang='lat' dir='ltr'>uxori,</span> <span class='ocrx_word' id='word_1_254' title='bbox 1079 4452 1255 4539; x_wconf 84' lang='lat' dir='ltr'>proeaertim</span> <span class='ocrx_word' id='word_1_255' title='bbox 1281 4473 1394 4536; x_wconf 91' lang='lat' dir='ltr'>quum,</span> <span class='ocrx_word' id='word_1_256' title='bbox 1419 4450 1450 4519; x_wconf 90' lang='lat' dir='ltr'>in</span> 
     </span>
    </p>
   </div>
   <div class='ocr_carea' id='block_1_3' title="bbox 0 0 1953 5725">
    <p class='ocr_par' dir='ltr' id='par_1_3' title="bbox 0 0 1953 5725">
     <span class='ocr_line' id='line_1_37' title="bbox 0 0 1953 5725; baseline 0 0"><span class='ocrx_word' id='word_1_257' title='bbox 0 0 1953 5725; x_wconf 95' lang='lat' dir='ltr'> </span> 
     </span>
    </p>
   </div>
  </div>
 </body>
</html>
