3875 5725
571 864 631 922 114
821 876 961 940 ronunrs
973 875 1252 920 sannsaunrnusrs
1429 856 1473 935 [a.
1491 878 1523 922 n.

566 1041 662 1101 tores,
694 1040 725 1091 et
765 1026 837 1090 licet
870 1027 1105 1110 Mandrogerus
1134 1024 1294 1108 grunniat,
1325 1023 1521 1088 Trimalchio

566 1129 753 1208 intabescat,
767 1129 869 1192 rideat
886 1131 1044 1206 Bromius,
1059 1140 1090 1191 et
1108 1125 1349 1190 Mercurialium
1370 1126 1522 1191 clientum

566 1242 669 1293 coetus
680 1229 758 1292 mihi
770 1242 937 1314 patronum
952 1227 1132 1302 subtrahat,
1144 1225 1192 1289 rel
1206 1226 1376 1312 Corydona
1387 1229 1524 1312 patroci-

566 1344 661 1395 nante
684 1331 826 1417 adjutus,
843 1353 905 1393 non
927 1329 1132 1413 subterfugio
1152 1328 1338 1392 venerabilis
1355 1328 1523 1393 tribunalis

565 1456 708 1497 examen.
740 1435 849 1496 Tuum
864 1433 1058 1518 quandoque
1069 1430 1227 1517 judicium
1241 1453 1303 1494 non
1319 1431 1520 1507 declinarem,

567 1535 624 1621 qui
639 1558 689 1598 me
705 1534 900 1620 quandoque
915 1535 1080 1598 amabilem
1098 1532 1273 1608 credidisti,
1289 1546 1321 1596 et
1335 1554 1455 1613 revera,

708 1659 797 1722 Eram,
811 1660 854 1727 (ut
866 1657 1013 1721 dicebatur)
1026 1661 1085 1708 tunc
1097 1657 1192 1723 dignus
1204 1659 1294 1708 amari.

567 1774 661 1850 Quod
692 1787 798 1838 autem
833 1796 917 1837 nunc
947 1773 1083 1851 declino,
1110 1774 1168 1838 tibi
1201 1773 1437 1859 imputandum,
1464 1775 1521 1861 qui

564 1875 675 1937 faciem
704 1895 847 1959 persona,²
869 1871 1048 1947 attendens,
1070 1892 1207 1935 amorem
1231 1894 1348 1934 novum
1374 1873 1521 1936 amicitiae

566 1974 665 2040 veteri
688 1973 868 2059 praetulisti.
914 1973 996 2034 Nam
1017 1973 1105 2056 quod
1127 1971 1168 2035 ad
1190 1994 1251 2048 me,
1268 1971 1350 2035 idem
1374 1994 1443 2035 sum
1464 1973 1521 2058 qui

565 2075 701 2152 fueram,
715 2073 861 2160 possideo
877 2069 950 2157 plus
972 2093 1068 2156 quam
1085 2094 1142 2134 nos
1164 2070 1229 2135 duo
1246 2070 1380 2135 Pruvini
1403 2072 1521 2136 babue-

566 2176 678 2239 rimus.
695 2177 799 2240 Canto
807 2173 938 2258 quidem
949 2195 1010 2234 non
1021 2173 1162 2237 deterius
1172 2173 1275 2251 solito,
1285 2187 1316 2238 et
1329 2174 1522 2240 dissimiliter

568 2274 856 2339 Saresberiensibus
870 2271 991 2349 multis,
1007 2275 1065 2336 etsi
1081 2273 1193 2358 optimi
1209 2286 1353 2337 cantores
1367 2275 1442 2348 sint,

637 2400 695 2452 Nec
707 2418 764 2452 anm
776 2401 841 2452 adeo
852 2399 975 2462 informis,
987 2401 1087 2471 pridem
1098 2418 1140 2452 me
1150 2401 1178 2451 in
1188 2400 1276 2453 littore
1287 2402 1340 2453 vidi
1353 2401 1460 2459 Pisano.

637 2485 725 2547 Quum
737 2484 866 2556 placidum
878 2485 964 2536 ventis
977 2490 1059 2536 staret
1071 2503 1151 2537 mare.

566 2597 693 2661 Caetera
712 2595 900 2659 familiarius
922 2599 954 2658 in
976 2618 1052 2659 aure
1074 2610 1105 2659 et
1126 2619 1181 2659 ore
1200 2596 1330 2683 judicis,
1345 2600 1396 2663 cui
1412 2600 1519 2664 cadam

564 2710 622 2760 aut
637 2698 739 2774 stabo,
755 2697 915 2760 revolvam
939 2696 1066 2781 plenius
1088 2710 1119 2761 et
1142 2697 1297 2776 evolvam,
1313 2716 1346 2766 et
1367 2715 1402 2767 nt
1418 2703 1519 2787 ipsius

564 2797 704 2863 dictante
725 2799 881 2863 sententia
903 2797 1002 2860 amice
1024 2798 1153 2862 licenter
1176 2802 1366 2886 scripserim,
1384 2815 1416 2868 et
1438 2795 1520 2890 seip-

565 2924 633 2966 sum
644 2902 912 2989 qualemcumque
923 2902 1111 2965 sententiam
1124 2902 1267 2983 sentiam,
1278 2906 1520 2992 appellationem

568 3025 670 3066 meam
686 3003 795 3068 audiet
811 3004 929 3079 nullus,
943 3004 998 3067 sed
1014 3003 1117 3067 modis
1128 3005 1275 3070 omnibus
1289 3031 1415 3094 operam
1428 3009 1523 3089 dabo,

566 3117 603 3168 ut
617 3119 740 3189 partem
756 3127 887 3190 gravem
902 3106 1093 3191 oppositam,
1110 3118 1278 3192 antequam
1295 3110 1336 3174 ab
1350 3111 1395 3175 eis
1408 3134 1521 3196 grave-

565 3206 653 3280 mini,
669 3206 836 3292 appellem.
871 3210 1138 3293 Quantacumque
1157 3209 1198 3272 sit
1213 3213 1386 3288 concussio,
1403 3236 1520 3300 nequa-

566 3328 661 3389 quam
678 3331 716 3370 ex
740 3308 904 3392 proposito
919 3331 989 3371 meo
1005 3308 1045 3371 ad
1066 3333 1158 3374 aures
1172 3313 1319 3384 extranei¹
1332 3316 1521 3399 perferetur.

567 3404 661 3481 Quod
678 3406 703 3469 si
726 3406 891 3471 Walterus
906 3407 1016 3473 adesse
1038 3409 1228 3495 nequiverit,
1243 3434 1304 3496 ego
1324 3436 1395 3477 eum
1413 3428 1519 3479 tecum

565 3504 659 3568 facile
688 3507 796 3570 abesse
831 3508 1034 3585 consentiam,
1065 3510 1125 3575 nisi
1162 3525 1266 3595 partes
1300 3514 1519 3597 suffragatoris

564 3606 696 3692 implere
711 3609 866 3673 maluerit.
896 3609 1036 3675 Salutem
1053 3634 1129 3695 ergo
1144 3611 1271 3692 habeas,
1287 3626 1320 3678 et
1335 3614 1521 3702 meipsum,

564 3719 596 3771 et
620 3708 707 3793 quod
725 3709 862 3773 volueris
884 3710 1055 3775 rescribas:
1087 3711 1132 3775 ita
1154 3726 1259 3778 tamen
1282 3728 1318 3780 ut
1341 3717 1519 3781 autminus

565 3821 708 3894 acceptes
728 3809 882 3887 oblatum,
899 3824 955 3876 aut
976 3812 1124 3892 electum,
1140 3813 1218 3879 dum
1240 3828 1274 3881 tu
1295 3818 1390 3896 absis,
1406 3819 1518 3883 subeat

565 3907 691 3974 devotio
706 3934 776 3975 mea
787 3912 957 3997 judicium.
