3875 5725
484 843 526 901 ³4
743 856 881 902 scannia
897 857 1177 903 clamoremanus
1350 842 1400 920 [A.
1424 863 1455 906 o.

489 1040 716 1106 EPISTOLA
741 1038 989 1107 xxxta-tn
1004 1062 1161 1107 sosanna
1177 1061 1451 1109 rnnsionmuou

815 1163 1110 1209 canrmuuansnn.

664 1259 791 1324 «Ioanni
805 1261 1011 1324 tiaaurario
1027 1261 1274 1324 Contuariensi.

535 1377 643 1442 L1cnr
666 1388 772 1441 vestro
794 1378 852 1440 sim
875 1377 1014 1440 offensus
1036 1376 1172 1457 silentio,
1201 1376 1318 1441 amicos
1340 1391 1448 1444 tamen

491 1478 691 1563 alloquorvel
698 1480 846 1544 offensus.
864 1478 1229 1565 Alloquorquidem,sed
1236 1479 1298 1542 alio
1305 1501 1452 1544 sermone

493 1604 590 1667 quam
610 1581 807 1668 negligentia
828 1595 934 1645 vestra
955 1581 1116 1645 meruerit.
1162 1580 1190 1643 F
1192 1579 1311 1645 uerutis
1332 1582 1451 1646 etenim

492 1680 533 1745 de
559 1681 768 1747 immoderato
790 1680 915 1746 silentio
943 1679 1149 1766 objurgandi,
1175 1678 1230 1742 sed
1252 1677 1451 1765 indignantis

494 1781 641 1870 spiritum
669 1782 858 1848 venerabilis
894 1795 985 1867 pater
1021 1778 1106 1845 Rod.
1136 1779 1318 1866 Episcopus
1348 1783 1451 1847 sancti

493 1886 630 1950 Andreae
646 1885 799 1964 cohibuit,
810 1905 975 1969 personam
990 1903 1078 1944 suam
1089 1895 1119 1944 et
1136 1902 1266 1946 causam
1282 1881 1450 1947 industria

493 2001 608 2050 vestrae
620 1985 832 2050 commendari
849 1983 1045 2048 desiderans:
1070 1995 1165 2048 vexat
1177 2006 1249 2047 eum
1263 1984 1362 2048 abbas
1375 1983 1449 2048 cat,

495 2086 626 2160 coensis,
641 2084 876 2170 Acephalornm
890 2097 1078 2170 provocatus
1090 2084 1248 2170 exemplo,
1258 2096 1289 2149 et
1299 2107 1356 2170 per
1366 2085 1449 2150 viam

495 2183 719 2249 inobedientiae
748 2208 844 2269 quam
876 2186 1028 2251 Christus
1058 2185 1196 2270 ignorat,
1223 2184 1384 2272 quandam
1416 2186 1451 2249 li·

495 2288 628 2351 bertatis
639 2287 808 2372 imaginem
825 2288 1066 2373 apprehendens
1081 2287 1121 2351 ad
1137 2289 1326 2374 episcopalis
1340 2303 1451 2352 aucto-

496 2389 599 2453 ritatis
631 2389 820 2474 parilitatem
848 2388 996 2474 assurgit.
1043 2389 1197 2474 Episcopi
1221 2411 1296 2451 vero
1322 2411 1451 2454 causam

499 2490 590 2554 vobis
623 2503 714 2577 pater
745 2491 984 2556 Cantuariensis
1014 2491 1227 2566 commendat,
1257 2502 1289 2555 et
1318 2514 1389 2577 ego,
1420 2505 1453 2554 et

497 2616 593 2680 quem
610 2605 809 2657 contemnere
825 2615 887 2657 non
910 2591 1083 2666 audebitis,
1106 2591 1236 2656 humilis
1250 2593 1451 2657 commendat

496 2709 526 2759 et
538 2698 660 2783 justus,
673 2695 821 2761 Christus
835 2695 993 2758 Dominus
1004 2717 1117 2758 nomen
1128 2692 1186 2758 illi.
1218 2693 1341 2759 Silentii
1353 2694 1450 2758 vestri

497 2799 610 2866 vitium
626 2799 828 2886 aliquatenus
844 2798 875 2863 in
886 2798 1025 2886 episcopi
1041 2820 1137 2862 cansa
1151 2797 1356 2883 purgabitur,
1372 2797 1450 2863 dum

496 2914 601 2966 tamen
616 2901 712 2986 eulpa
722 2900 906 2986 praecedens
916 2899 1154 2964 continuatione
1166 2899 1217 2961 sui
1232 2921 1295 2962 non
1307 2911 1452 2964 vertatur

496 3004 526 3067 in
557 3004 684 3068 crimen.
731 3005 764 3067 Si
788 3026 863 3066 vero
885 3001 1023 3086 amplius
1047 3000 1208 3074 silueritis,
1232 3022 1293 3064 non
1315 3000 1453 3065 credatis

496 3104 586 3166 vobis
609 3127 676 3166 esse
700 3103 916 3187 parcendum:
954 3103 1030 3188 qnia
1055 3102 1112 3187 qui
1144 3124 1228 3165 nunc
1255 3101 1362 3166 amicis
1387 3124 1452 3165 non

498 3202 582 3266 datis
597 3201 708 3281 verba,
729 3202 991 3288 extorquebimus
1013 3208 1063 3267 vel
1086 3203 1226 3266 verbera.
1271 3203 1374 3290 Apud
1397 3226 1453 3267 nos

499 3302 579 3368 nihil
609 3315 657 3368 est
693 3304 890 3378 innovatum,
922 3304 982 3368 nisi
1013 3305 1100 3390 quod
1131 3303 1279 3371 dominus
1314 3305 1454 3371 Eliensis

500 3406 652 3471 mandato
667 3405 787 3470 domini
812 3405 945 3469 Bosonis
966 3406 1131 3484 satisfecit,
1147 3404 1229 3472 sicut
1245 3407 1301 3486 illi,
1316 3420 1347 3470 et
1363 3408 1454 3472 vobis

500 3508 638 3571 secundo
648 3509 716 3595 jam
733 3509 854 3594 scripsi.

498 3697 719 3763 EPISTOLA
745 3694 1020 3757 xxxma-in
1036 3712 1244 3758 wrnnanuun
1261 3712 1453 3758 uoawrcnu-

835 3818 901 3860 snm
918 3815 1116 3861 nriscoenn.

706 3928 860 3989 Wllelmo
876 3925 1078 3987 Norwa'censa'
1092 3929 1245 4004 episcopo.

543 4054 742 4114 Moneonun
756 4051 935 4114 excessibus
945 4051 1028 4112 viam
1041 4048 1156 4133 aperit,
1166 4047 1223 4133 qui
1236 4048 1452 4136 subjectorum

500 4149 705 4213 dissimulatis
734 4150 905 4230 erroribus,
934 4150 962 4213 ei
997 4163 1128 4233 praestat
1158 4149 1322 4213 audaciam
1352 4148 1455 4213 deliu-

499 4247 629 4337 quendi.
676 4251 728 4312 Tu
757 4259 863 4312 autem
885 4249 917 4329 in
942 4248 1089 4331 injuriam
1113 4250 1197 4314 sedis
1219 4248 1400 4335 apostolicas
1422 4262 1454 4312 et

497 4360 714 4434 contemptum
732 4358 874 4411 nostrum
893 4350 1036 4432 graviter
1060 4350 1175 4414 diceris
1199 4348 1383 4433 deliquisse,
1399 4348 1455 4433 qni

496 4466 664 4543 postquam
681 4451 722 4515 ad
740 4472 798 4513 nos
823 4472 920 4535 super
946 4472 1055 4531 causa,
1070 4473 1144 4535 quae
1160 4450 1346 4514 vertebatur
1370 4450 1454 4512 inter
