3875 5725
503 841 696 920 trau—64]
882 857 1063 902 uersronu.
1134 921 1138 928 1
1387 847 1445 902 177

498 1010 678 1098 plenissime
704 1009 905 1073 demandari:
937 1020 967 1070 et
997 1008 1072 1091 quia
1094 1007 1274 1092 religionem
1299 1027 1446 1089 vestram,

499 1127 535 1178 ut
547 1112 684 1187 dicebat,
696 1111 775 1174 falsa
787 1109 989 1195 suggestione
1000 1110 1282 1187 circumvenerant,
1295 1112 1316 1174 ii
1329 1114 1361 1175 in
1374 1133 1446 1197 pro-

498 1215 625 1280 batione
650 1211 819 1298 procedere
846 1212 1006 1286 nolebant,
1034 1233 1066 1273 se
1093 1211 1198 1276 omnia
1221 1213 1264 1274 ad
1288 1215 1446 1279 consulta·

499 1319 615 1383 tionem
641 1328 776 1379 vestram
804 1314 886 1378 dixit
913 1314 1102 1390 relaturum,
1125 1328 1157 1377 et
1181 1314 1269 1377 vobis
1294 1329 1445 1402 tanquam

498 1419 582 1506 patri
597 1431 629 1481 et
652 1415 780 1479 domino
796 1417 829 1477 in
847 1415 994 1478 omnibus
1016 1416 1205 1500 pariturum.
1253 1420 1445 1483 Procedente

497 1544 572 1585 vero
595 1534 748 1604 tempore,
764 1530 933 1602 antequam
952 1519 1022 1602 ejus
1046 1521 1177 1581 nuntius
1200 1519 1240 1582 ad
1257 1543 1313 1582 vos
1338 1544 1445 1606 perve-

496 1623 603 1697 nisset,
629 1619 812 1683 mandatum
838 1634 977 1680 vestrum
1003 1617 1042 1679 de
1070 1619 1243 1682 coercendo
1266 1622 1366 1685 milite
1390 1624 1446 1686 ite-

497 1725 598 1790 rastis.
644 1726 713 1786 Nos
735 1721 844 1803 itaque
870 1718 1029 1780 mandatis
1054 1719 1164 1781 vestris
1190 1720 1329 1784 debitam
1360 1746 1446 1786 reve-

498 1826 630 1890 rentiam
643 1834 673 1885 et
686 1820 897 1883 obedientiam
910 1820 1107 1898 exhibenteS,
1118 1820 1191 1884 licet
1208 1822 1295 1885 miles
1307 1846 1339 1886 se
1350 1826 1446 1909 justi·

498 1928 552 1990 tia
576 1945 699 2007 semper
724 1920 862 1993 offerret,
887 1932 919 1981 et
946 1943 963 1982 e
990 1932 1100 1982 contra
1126 1922 1270 1984 monachi
1296 1939 1444 1989 eventum

494 2026 610 2115 judicii
624 2025 783 2108 sugerent,
798 2021 961 2086 ecclesiam
986 2045 1058 2084 cum
1079 2023 1226 2088 omnibus
1248 2027 1447 2110 pertinentiis

498 2129 574 2206 suiS,
590 2127 683 2192 etiam
700 2149 772 2189 cum
795 2126 935 2211 periculo
951 2140 1060 2190 nostro
1083 2129 1360 2212 sequestravimus,
1376 2155 1443 2194 eam

497 2229 667 2294 retinentes
681 2228 713 2290 in
729 2249 824 2290 manu
844 2238 962 2304 nostra,
977 2225 1077 2289 donec
1093 2227 1181 2291 vobis
1204 2242 1234 2292 et
1259 2231 1301 2292 rei
1320 2233 1444 2309 veritas,

496 2331 635 2413 et‚nobis
651 2331 797 2394 voluntas
814 2342 918 2393 vestra
940 2328 1065 2414 plenius
1088 2333 1273 2397 innotescat.
1321 2334 1353 2396 Si
1371 2357 1445 2397 vero

495 2436 635 2498 chartam
666 2430 792 2496 nomine
822 2443 929 2494 nostro
954 2443 1138 2516 conceptam
1166 2431 1212 2495 illi
1242 2436 1443 2519 protulerint,

494 2560 562 2603 eam
578 2553 616 2601 ut
631 2535 853 2619 imperfectum
875 2549 1018 2598 nostrum
1034 2533 1202 2612 fateamur,
1218 2559 1237 2597 a
1261 2538 1352 2601 nobis
1367 2540 1396 2602 vi
1412 2554 1443 2605 et

494 2652 582 2703 metu
598 2634 773 2722 supradicti
790 2634 917 2719 tyranni
932 2633 1036 2697 sciatis
1056 2647 1224 2702 extortam.
1270 2641 1342 2702 Hoc
1366 2664 1444 2726 quo-

495 2762 558 2825 que
574 2750 605 2800 et
621 2748 755 2799 vestram
772 2756 835 2797 non
858 2735 954 2798 lateat
978 2735 1186 2819 majestatem,
1202 2738 1288 2820 quod
1308 2739 1443 2804 devotus

494 2853 598 2905 vester
620 2838 761 2899 Joannes
783 2833 998 2899 thesaurarius
1021 2835 1240 2913 Eboracensis,
1262 2862 1355 2921 quem
1380 2865 1444 2905 mo-

409 2977 411 2981 1
494 2941 598 3017 nachi‚
614 2922 698 3024 saepe
715 2938 907 3000 nominatam
930 2935 1091 2999 ecclesiam
1108 2959 1164 3021 per
1188 2960 1316 3001 manum
1334 2940 1441 3005 laicam

492 3052 637 3106 asserunt
649 3058 829 3122 occupasse,
840 3058 1004 3120 nunquam
1017 3035 1134 3099 adeam
1147 3059 1277 3101 manum
1286 3042 1442 3120 extendit,

493 3156 551 3208 aut
573 3164 676 3206 causae
696 3140 765 3225 ejus
782 3161 814 3201 se
830 3141 938 3223 aliquo
960 3137 1054 3200 modo
1075 3138 1259 3218 immiscuit,
1276 3142 1335 3205 nisi
1354 3145 1443 3230 quod

493 3245 630 3310 fideliter
651 3242 753 3306 astitit
775 3241 873 3305 veteri
894 3240 1005 3317 amico,
1021 3263 1116 3326 quem
1139 3243 1204 3305 sine
1225 3243 1389 3326 dedecore,
1409 3262 1440 3313 et

492 3346 664 3411 amicorum
687 3345 807 3407 enormi
826 3341 945 3405 damno
964 3363 1027 3403 non
1051 3354 1175 3427 poterat
1204 3347 1235 3407 in
1255 3348 1441 3413 necessitate

491 3448 642 3511 deserere.
690 3443 913 3530 Supplicamus
935 3465 1011 3527 ergo
1031 3441 1208 3525 dignationi
1227 3459 1339 3511 vestrae
1364 3472 1440 3538 qua-

492 3549 575 3614 tinus
590 3571 627 3611 ea
643 3546 858 3610 moderatione
872 3543 960 3631 quod
976 3544 1114 3630 placebit
1135 3569 1229 3631 super
1246 3550 1305 3612 boc
1329 3555 1440 3637 praeci.

490 3649 596 3736 piatis,
613 3658 649 3712 ut
664 3646 822 3722 monachi,
838 3645 863 3709 si
879 3645 959 3731 quid
970 3646 1056 3731 juris
1069 3647 1199 3728 habent,
1214 3648 1247 3711 id
1269 3650 1315 3713 ita
1334 3674 1440 3716 eonse-

489 3762 641 3836 quantur,
655 3772 695 3812 ne
709 3770 767 3810 nos
786 3746 1034 3831 indignationem
1058 3746 1177 3809 domini
1201 3753 1295 3834 regis,
1311 3764 1343 3813 et
1369 3775 1439 3837 per-

490 3853 710 3937 sequutionem
726 3851 868 3911 omnium
883 3869 1063 3933 procerum,
1074 3847 1129 3930 qui
1145 3848 1348 3914 scandalizati
1365 3868 1438 3916 sunt

489 3955 521 4016 in
546 3954 606 4016 hoe
621 3954 731 4027 verbo,
749 3951 961 4025 incurramus,
977 3969 1144 4031 precamur
1168 3963 1203 4013 ut
1225 3949 1349 4013 fidelem
1374 3976 1439 4018 ves

490 4064 587 4131 trum,
598 4052 754 4128 dilectum,
765 4049 868 4114 filium
884 4062 1024 4113 vestrum
1040 4052 1193 4113 Joannem
1208 4050 1439 4118 thesaurarium

491 4153 737 4227 Eboracensem,
760 4151 812 4214 cui
839 4150 951 4214 vitiosa
980 4150 1207 4213 monachorum
1237 4154 1439 4237 suggestione

489 4253 691 4337 aliquatenus
706 4252 848 4316 laetitiam
871 4252 1062 4329 excussistis,
1079 4251 1195 4316 debitae
1217 4255 1440 4321 consolationis

489 4353 642 4418 beneficio
657 4352 845 4417 exhilaretis.

533 4585 603 4629 vot.
622 4584 644 4626 1.
