3875 5725
574 834 636 893 lar
833 841 968 886 soxmvrs
986 838 1263 885 senosanamusrs
1429 821 1473 900 [a.
1491 839 1521 882 u

572 995 663 1060 licam
688 992 814 1058 evolant
840 993 1048 1078 majestatem.
1104 989 1185 1052 Inde
1214 1000 1261 1053 est
1291 988 1378 1074 quod
1409 990 1522 1054 seriem

571 1099 795 1162 coutroversiae
809 1118 884 1180 quoe
897 1097 982 1158 inter
993 1091 1166 1157 Ricardum
1179 1091 1219 1157 de
1231 1091 1361 1156 Anestia
1372 1103 1405 1155 et
1418 1092 1525 1155 Mabi-

569 1200 645 1264 liam
662 1199 702 1265 de
718 1196 938 1263 Franchevilla
957 1195 1081 1260 diutius
1099 1193 1131 1257 in
1152 1193 1311 1257 auditorio
1325 1205 1433 1257 nostro
1449 1216 1523 1257 ven-

572 1300 664 1367 tilata
685 1314 745 1379 est,
768 1302 808 1363 ad
836 1299 981 1363 notitiam
1001 1309 1138 1362 vestram
1168 1294 1338 1360 transferre
1362 1318 1522 1374 curamus,

570 1414 669 1489 prout
690 1410 887 1488 emergentes
908 1399 1032 1465 articuli
1055 1399 1161 1484 colligi
1183 1407 1366 1483 potuerunt.
1413 1400 1522 1475 Quum

569 1505 680 1591 itaque
700 1506 769 1591 jam
795 1503 901 1568 dictus
926 1501 1097 1579 Ricardus,
1122 1515 1278 1586 cognatus
1300 1499 1457 1564 Willelmi
1482 1501 1523 1565 de

573 1606 746 1670 Saccavilla
756 1619 787 1670 et
798 1627 905 1690 nepos,
917 1604 999 1669 sicut
1009 1603 1123 1668 sororis
1132 1603 1234 1667 filium
1248 1601 1363 1686 vulgus
1374 1613 1521 1688 nepotem

569 1707 674 1773 dicere
710 1708 885 1782 cousuevit,
917 1705 1103 1793 petitionem
1134 1704 1329 1768 haereditatis
1358 1703 1398 1768 ad
1436 1704 1521 1766 bona

572 1809 724 1876 avunculi
753 1809 926 1873 obtinenda
954 1808 1145 1882 institueret,
1179 1819 1352 1870 memorata
1387 1806 1522 1871 Mabilia

571 1911 637 1976 filia
652 1910 809 1976 Willelmi
829 1933 862 1973 se
883 1909 928 1972 illi
944 1909 976 1973 iu
993 1908 1063 1971 foro
1083 1907 1270 1972 secularium
1289 1907 1448 1994 judicum,
1465 1908 1522 1971 ubi

572 2037 622 2078 res
648 2014 850 2086 actitabatur,
876 2013 1037 2097 opposuit,
1063 2033 1203 2075 asserens
1232 2010 1327 2073 filiam
1354 2010 1462 2096 nepoti
1488 2011 1521 2073 in

571 2130 704 2202 paterna
727 2115 914 2180 haereditate
935 2112 1178 2201 praeferendam.
1230 2112 1386 2176 Ricardus
1402 2136 1477 2176 vero
1492 2115 1521 2176 ei

572 2217 652 2281 nihil
669 2217 754 2303 juris
768 2216 962 2281 haereditarii
982 2228 1160 2299 competere
1181 2214 1356 2299 respondit,
1372 2238 1410 2278 eo
1431 2215 1519 2302 quod

571 2339 635 2380 non
650 2330 729 2382 esset
746 2339 785 2380 ex
801 2316 942 2400 legitimo
964 2326 1111 2400 suscepta
1131 2313 1345 2392 matrimonio,
1360 2315 1414 2380 sed
1430 2315 1521 2384 adul..

572 2417 673 2482 teriuo
688 2426 854 2504 procreata
869 2421 1049 2503 complexu.
1082 2418 1190 2493 Quum
1205 2417 1314 2503 itaque
1327 2418 1521 2484 matrimonii

570 2519 708 2605 quaestio
738 2532 926 2595 verteretur,
957 2520 1046 2605 quod
1079 2518 1119 2582 de
1149 2518 1269 2603 regulis
1306 2519 1521 2584 ecclesiasticis

570 2620 751 2685 infirmatur
779 2632 836 2684 aut
862 2621 1062 2700 convalescit,
1085 2620 1226 2684 decrevit
1256 2620 1344 2684 curia
1373 2623 1521 2688 catholici

570 2724 722 2808 principis
736 2722 923 2787 serenissimi
938 2725 1023 2808 regis
1038 2722 1214 2808 Anglorum
1230 2724 1363 2787 Henrici
1379 2725 1520 2802 secundi,

572 2837 609 2891 ut
634 2825 675 2889 ad
699 2847 831 2890 examen
854 2824 1098 2891 ecclesiasticum
1123 2848 1218 2890 causa
1244 2825 1374 2905 rediret,
1398 2827 1454 2892 ubi
1480 2826 1520 2892 de

567 2928 643 3015 jure
672 2951 838 3008 canonum,
866 2952 948 3014 quos
977 2928 1080 2994 clerus
1109 2930 1211 3007 novit,
1237 2929 1355 3016 vulgus
1382 2930 1519 3015 ignorat,

570 3033 706 3115 quaestio
726 3030 917 3095 matrimonii
939 3031 1033 3093 finem
1057 3030 1199 3095 debitum
1223 3031 1399 3096 sortiretur.
1444 3036 1520 3096 Par-

572 3130 659 3195 tibus
684 3155 761 3215 ergo
790 3132 874 3194 diem
899 3154 938 3193 ex
968 3130 1057 3215 regio
1082 3131 1233 3195 mandato
1256 3132 1461 3218 praefiximus,
1488 3146 1520 3197 et

570 3232 697 3297 taudem
713 3246 784 3318 post
806 3231 973 3295 dilationes
994 3255 1075 3315 quas
1096 3233 1232 3297 Mabilia
1247 3258 1287 3299 ex
1302 3237 1397 3300 variis
1417 3236 1520 3301 causis

568 3331 720 3405 obtinuit,
737 3331 924 3416 petitionem
938 3353 1027 3397 suam
1048 3333 1208 3399 Ricardus
1222 3337 1423 3402 instauravit.
1469 3336 1517 3400 Ut

569 3441 675 3496 autem
698 3433 854 3519 liquidius
879 3456 1005 3497 causam
1033 3458 1120 3500 suam
1152 3448 1322 3516 astrueret,
1348 3452 1380 3502 et
1405 3437 1517 3500 adver·

569 3534 681 3599 sariam
720 3533 860 3620 spuriam
905 3558 972 3601 esse
1013 3537 1153 3616 doceret,
1191 3540 1385 3605 avunculum
1422 3562 1517 3603 suum

572 3636 769 3701 Willelmum
779 3661 857 3702 cum
874 3640 1012 3725 quadam
1023 3643 1169 3707 Albreda
1184 3644 1224 3707 de
1236 3645 1396 3727 Tresgoro
1410 3645 1517 3706 matri-

566 3739 707 3804 monium
731 3742 924 3805 contraxisse
953 3748 1098 3821 asseruit‚
1123 3759 1155 3810 et
1181 3744 1295 3809 exinde
1323 3744 1379 3808 illa
1405 3756 1516 3808 eontra

567 3841 662 3909 fidem
692 3843 832 3929 conjugii
862 3844 1024 3924 derelicta,
1053 3847 1183 3912 duxisse
1212 3846 1386 3911 Adelitiam
1417 3847 1514 3910 filiam

566 3944 709 4009 Amfridi
740 3947 945 4029 vicecomitis,
974 3963 1007 4013 et
1036 3972 1076 4013 ex
1105 3973 1144 4014 ea
1178 3948 1342 4014 Mabiliam
1374 3963 1406 4013 et
1436 3950 1516 4013 alios

566 4044 682 4110 liberos
707 4070 770 4112 non
799 4048 957 4134 legitimos
983 4050 1166 4135 suscepisse.
1215 4051 1389 4116 Asserebat
1419 4051 1514 4115 etiam

567 4147 653 4233 qnod
675 4172 775 4235 quum
793 4150 976 4214 Willelmus
991 4150 1171 4215 Adeletiam
1188 4151 1440 4237 superduxisset,
1456 4154 1516 4216 Al·

566 4249 675 4322 breda,
692 4272 786 4335 quam
810 4250 1025 4333 praeduxerat,
1041 4249 1073 4312 in
1096 4250 1173 4337 ipsis
1196 4253 1321 4338 nuptiis
1335 4276 1394 4340 pro
1410 4277 1443 4319 se
1461 4257 1517 4342 jus

567 4351 698 4415 soederis
734 4350 910 4436 conjugalis
946 4366 1122 4437 protestata
1159 4365 1192 4420 et
1227 4358 1417 4424 auctoritate
1453 4362 1517 4424 Ec-

565 4455 737 4520 clesiastica
751 4455 896 4520 inhibens
911 4479 950 4520 ne
965 4458 1148 4543 superdicta
1162 4460 1193 4524 iu
1211 4461 1314 4526 mariti
1330 4463 1377 4529 sui
1388 4463 1516 4528 illicitos
