3875 5725
575 901 637 958 ‘212
831 913 972 957 Josuurs
988 913 1266 971 sturrsunnrnnms
1435 904 1478 977 [A.
1496 917 1526 958 o.

575 1079 695 1128 certum
717 1065 834 1128 babeat
848 1077 952 1128 vestra
970 1065 1131 1135 discretio,
1147 1065 1297 1148 quoniam
1315 1067 1420 1143 Philo,
1436 1066 1530 1147 cujus

575 1167 720 1229 meminit
735 1167 837 1241 Hier.,
854 1166 1027 1229 undecimo
1044 1167 1184 1248 capitulo
1199 1167 1272 1228 libri
1294 1167 1334 1229 de
1351 1168 1423 1229 viris
1444 1168 1532 1229 illus·

575 1269 689 1340 tribus,
702 1269 742 1329 ab
755 1268 824 1328 aliis
836 1267 983 1329 dissentit
998 1268 1030 1328 in
1047 1267 1128 1328 libro
1144 1269 1199 1350 qui
1214 1269 1407 1342 inscribitur,
1422 1271 1531 1342 Quare

574 1368 787 1449 quorumdam
799 1370 835 1429 in
848 1368 1030 1448 Scriptnris
1041 1374 1164 1430 mutatu
1177 1370 1243 1430 sint
1255 1371 1398 1431 uomina.
1432 1372 1530 1432 Hunc

574 1484 749 1550 sequuntur
761 1471 961 1554 Theophilus
974 1470 1213 1533 Alexandrinus
1225 1473 1258 1533 in
1273 1472 1442 1535 Clrronicis
1455 1473 1530 1546 suis,

576 1586 609 1634 et
627 1572 830 1655 Epiphanius
853 1572 1052 1636 Constantine
1077 1572 1175 1654 Cypri
1198 1575 1370 1656 episeopus
1395 1575 1427 1635 in
1449 1575 1532 1636 libro

574 1674 616 1735 de
644 1674 716 1734 viris
740 1674 922 1746 illustribus,
946 1672 1033 1756 quod
1056 1685 1087 1734 et
1110 1674 1311 1748 Theodorus
1333 1676 1388 1758 qui
1408 1677 1531 1737 urbano

576 1794 722 1837 sermone
732 1775 830 1836 libros
842 1793 950 1836 eorum
967 1773 1007 1835 de
1021 1775 1135 1837 Graeco
1148 1778 1308 1838 transtulit
1323 1778 1356 1838 in
1370 1776 1532 1849 Latinum,

575 1889 748 1939 attestatur.
795 1878 884 1938 Dicit
906 1876 990 1937 enirn
1014 1875 1101 1958 quod
1123 1888 1156 1939 et
1179 1879 1348 1954 Gamaliel,
1371 1878 1412 1940 ad
1436 1876 1528 1960 cujus

575 1978 675 2061 pedes
687 1979 851 2061 apostolus
864 1999 896 2039 se
909 1972 1059 2057 gloriatur
1071 1977 1221 2042 didicisse
1232 1982 1346 2060 legem,
1358 1989 1390 2042 ct
1399 1980 1530 2062 publica

574 2081 708 2144 assertio
746 2081 969 2154 Hebraeorum,
1000 2080 1055 2161 qui
1086 2080 1126 2142 de
1162 2082 1269 2146 littera
1303 2083 1383 2164 legis
1412 2081 1530 2143 rectius

577 2184 717 2266 sapiunt,
736 2201 808 2243 cum
825 2180 970 2242 Philonis
987 2181 1137 2262 opinione
1155 2183 1364 2248 concordant.

621 2284 685 2346 Sed
708 2306 747 2345 ne
763 2282 952 2365 protendam
969 2285 1110 2361 verbum,
1127 2306 1224 2366 quum
1249 2285 1289 2347 ad
1312 2286 1435 2368 reliqua
1457 2307 1530 2367 pro-

571 2383 751 2467 perandum
782 2381 832 2458 sit,
862 2392 894 2442 et
922 2381 1055 2443 istorum
1085 2395 1280 2464 proponatur
1310 2387 1429 2467 opinio.
1478 2387 1530 2447 Ea

576 2495 682 2547 autern
706 2493 754 2546 est
777 2482 863 2564 quod
883 2483 1016 2564 Moyses
1038 2483 1291 2548 Pentateuehum
1315 2486 1453 2568 scripsit,
1468 2486 1530 2548 etsi

577 2584 618 2647 de
633 2584 697 2646 fine
717 2581 971 2659 Deuteronomii,
986 2578 1041 2644 ubi
1065 2582 1104 2642 de
1129 2595 1229 2646 morte
1244 2585 1314 2669 ejus
1337 2585 1449 2666 agitur,
1463 2606 1529 2646 non

578 2686 757 2762 conveniat,
774 2685 845 2748 eliis
871 2684 1097 2759 asserentibus,
1117 2685 1213 2746 etiam
1237 2686 1319 2748 hanc
1343 2685 1530 2768 particulam

571 2788 756 2873 prophetali
778 2785 979 2864 certitudine,
995 2786 1079 2848 sicut
1094 2786 1224 2848 atillam
1249 2786 1401 2870 quamde
1416 2787 1530 2848 mundi

573 2890 738 2953 creatione
764 2889 916 2971 praemisit
941 2888 973 2949 in
1000 2887 1115 2969 eapite,
1138 2900 1171 2949 et
1197 2910 1291 2971 quarn
1319 2889 1353 2950 in
1378 2888 1530 2951 benedic-

569 2993 718 3054 tionibus
742 2990 995 3052 Patriarcharum
1021 2987 1061 3049 de
1086 2988 1193 3050 futuro
1211 2990 1400 3052 vaticinatus
1415 3002 1473 3065 est,
1488 2991 1528 3051 ab

578 3092 649 3174 ipso
673 3094 789 3173 Moyse
806 3090 901 3151 fuisse
918 3089 1141 3171 conscriptam,
1157 3089 1229 3151 aliis
1246 3100 1351 3152 autern
1378 3112 1397 3152 a
1420 3092 1530 3167 Josue,

581 3193 651 3254 aliis
680 3190 720 3253 ab
750 3189 854 3252 Esdra
887 3188 1069 3249 dicentibus
1108 3210 1179 3250 eam
1211 3190 1307 3253 luisse
1338 3190 1528 3273 appositam.

580 3298 678 3359 Josue
693 3294 807 3354 librum
834 3290 972 3371 scripsit,
987 3290 1043 3370 qui
1068 3290 1291 3354 denominatur
1314 3294 1354 3354 ab
1378 3314 1428 3355 eo.
1475 3292 1533 3354 So-

577 3395 714 3477 phitbim
741 3413 824 3468 vero,
850 3392 870 3453 i.
894 3413 920 3452 c.
947 3392 1091 3470 JudiceS,
1117 3393 1193 3455 item
1222 3395 1337 3456 librum
1369 3396 1469 3469 Ruth,
1496 3408 1528 3456 et

579 3506 700 3579 partem
731 3494 803 3556 libri
835 3495 974 3573 Regum,
1006 3496 1060 3578 qui
1091 3496 1336 3559 denominantur
1365 3496 1406 3557 ab
1444 3497 1527 3578 ipsc,

577 3597 704 3679 scripsit
728 3594 867 3672 Samuel,
883 3596 1004 3678 reliqua
1026 3598 1155 3681 excepit
1179 3598 1295 3673 David,
1315 3597 1371 3659 sed
1397 3597 1527 3660 tandem

580 3697 758 3762 aJeremia
780 3698 916 3778 scriptus
938 3710 987 3761 est
1009 3699 1195 3774 Malachim,
1211 3698 1245 3759 id
1269 3710 1319 3762 est
1340 3696 1404 3761 duo
1424 3710 1530 3781 poste-

565 3802 675 3863 riores
690 3798 762 3861 libri
781 3799 913 3878 [legum.
959 3799 1050 3861 ldem
1064 3800 1178 3861 librum
1192 3820 1284 3861 suurn
1300 3823 1373 3863 cum
1391 3800 1527 3862 Lamen-

580 3899 751 3965 tationibns
774 3899 882 3963 edidit.
928 3900 993 3961 His
1014 3912 1119 3962 autem
1143 3902 1292 3963 omnibus
1312 3903 1439 3979 vulgata
1461 3921 1525 3960 non

560 4000 771 4069 ‚contradicit
791 4002 909 4083 opinio.
956 3999 1118 4062 Ezechias
1143 4011 1175 4061 et
1191 4001 1246 4061 riri
1263 4002 1432 4080 sapientes,
1448 4022 1530 4082 qnos

560 4137 563 4143 ·
578 4104 611 4164 in
625 4103 768 4165 scholam
782 4103 930 4164 virtutum
943 4112 975 4160 et
988 4100 1161 4161 litterarum
1174 4099 1349 4160 sociaverat
1360 4099 1423 4161 sibi
1435 4103 1529 4163 annis

557 4242 560 4245 -
580 4225 635 4279 xv,
650 4203 765 4284 quibus
783 4202 873 4263 Deus
897 4206 1122 4281 prorogaverat
1137 4190 1233 4257 vitam
1251 4197 1331 4281 ejus,
1346 4199 1462 4262 divinis
1488 4201 1528 4264 de

578 4314 695 4365 caetero
718 4320 844 4373 vacans,
859 4298 892 4358 iu
915 4316 1013 4356 unum
1032 4296 1181 4357 volumen
1206 4313 1436 4379 compegerunt
1451 4300 1529 4362 roti-

577 4404 663 4467 cinia
678 4400 796 4471 Esaiae,
813 4418 884 4479 quae
899 4395 952 4457 ille
967 4395 999 4456 in
1016 4396 1138 4478 populo
1155 4396 1349 4462 declamasse
1371 4399 1471 4482 (quod
1486 4421 1528 4461 ex

553 4534 557 4541 ·
583 4501 686 4566 rerbis
701 4498 769 4583 ejus
785 4498 926 4580 apparet)
944 4495 1030 4558 risus
1046 4505 1094 4559 est
1112 4497 1219 4580 potius
1235 4520 1336 4581 quam
1347 4498 1529 4583 scripsisse:
