3875 5725
587 834 646 891 184
748 850 887 896 torturus
902 848 1180 894 sunnsumususrs
1197 847 1376 892 musronrs.

602 1122 823 1185 EPlS'I'OLA
848 1125 1129 1186 cxxxiii-ro
1145 1138 1290 1182 THOMAM
1311 1136 1535 1181 rumeostruu

962 1241 1172 1286 outnunsuu.

831 1383 955 1444 Thomu
972 1382 1149 1462 Proposito
1166 1379 1312 1443 Cellensi.

634 1517 845 1578 Suscumtuns
871 1515 944 1578 olim
973 1514 1158 1578 mandatum
1191 1511 1292 1575 felicis
1319 1512 1547 1577 recordationis

590 1639 682 1703 papae
710 1618 860 1700 Eugenii,
883 1629 920 1680 ut
946 1617 1029 1680 inter
1051 1615 1222 1678 monachos
1244 1613 1284 1677 de
1308 1612 1490 1690 Croilanda,
1515 1629 1548 1678 et

593 1719 777 1782 Huldenum
801 1720 962 1805 quendam
985 1741 1080 1805 super
1102 1716 1232 1780 ecclesia
1252 1714 1292 1779 de
1315 1717 1499 1791 sutertona,
1515 1729 1549 1780 et

591 1821 721 1885 decimis
737 1822 928 1907 quibusdam
942 1842 1069 1885 causam
1081 1814 1311 1884 decideremus.
1347 1817 1451 1901 Igitur
1459 1816 1548 1879 idem

593 1922 778 1987 mandatum
795 1933 990 2008 exequentes
1012 1944 1108 2008 super
1122 1920 1257 2005 praefato
1277 1921 1414 2007 negotio,
1429 1931 1460 1982 et
1476 1918 1551 1983 dili-

592 2036 702 2108 genter
731 2037 968 2108 cognoscentes,
995 2023 1164 2110 praefatam
1194 2021 1356 2087 ecclesiam
1386 2021 1550 2086 monachis

593 2125 846 2210 adjudicavimus
857 2147 929 2188 curn
942 2123 1121 2188 ablatorum
1134 2124 1228 2209 plena
1242 2125 1456 2202 restitutione,
1472 2145 1549 2207 quae

594 2225 634 2289 ad
651 2225 890 2288 aestimationem
902 2248 945 2288 xv
955 2247 1134 2288 marcarum
1145 2225 1208 2288 tuit
1219 2223 1406 2287 idoneorum
1418 2225 1549 2287 testium

595 2338 790 2389 sacramento
815 2327 956 2412 probata.
1004 2325 1172 2389 Monachis
1200 2347 1276 2410 ergo
1295 2326 1480 2410 frequenter
1500 2347 1550 2388 re·

594 2428 793 2492 stitutionem
814 2428 1026 2513 exigentibus,
1048 2440 1080 2492 et
1101 2426 1224 2491 easdem
1249 2427 1388 2492 decimas
1409 2426 1440 2489 in
1468 2449 1551 2512 prae-

596 2530 696 2594 sentia
711 2529 832 2593 domini
845 2529 1085 2605 Lincolniensis‚
1103 2528 1230 2594 tandem
1244 2527 1414 2591 Haldenus
1424 2525 1463 2590 ad
1480 2550 1553 2591 nos-

597 2646 677 2696 tram
704 2631 898 2696 audientiam
919 2631 1105 2717 appellavit,
1126 2652 1293 2717 quumque
1315 2631 1418 2694 ambae
1443 2636 1551 2717 partes

597 2748 670 2799 ante
695 2757 752 2797 nos
777 2736 996 2810 consisterent,
1022 2733 1119 2817 coepit
1146 2729 1314 2796 Haldenus
1340 2753 1467 2794 causam
1492 2731 1551 2794 diu

597 2837 758 2901 definitam
775 2858 870 2922 super
885 2834 1016 2900 ecclesia
1032 2838 1204 2907 Sutertonn
1219 2831 1404 2899 instaurare.
1451 2835 1550 2897 Porro

597 2960 697 3025 quum
729 2937 873 3001 monachi
902 2936 934 2999 in
965 2936 1118 3022 petitione
1148 2958 1205 2998 sua
1233 2946 1481 3018 perseverarent,
1504 2957 1550 2997 xv

599 3065 719 3105 marcas
734 3042 794 3105 sibi
814 3039 1012 3124 adjudicatas
1030 3060 1104 3101 cum
1122 3033 1316 3121 quibusdam
1338 3035 1468 3098 decimis
1488 3040 1552 3100 exi·

598 3155 718 3228 gentes,
733 3141 911 3216 Haldenus,
926 3161 1066 3201 asserens
1082 3160 1114 3200 se
1125 3158 1188 3199 non
1204 3134 1318 3199 debere
1334 3157 1429 3220 super
1441 3135 1490 3199 his
1505 3157 1553 3198 re-

600 3243 765 3329 spondere,
782 3244 823 3305 ad
838 3241 1034 3305 audientiam
1057 3240 1139 3303 sedis
1163 3238 1345 3326 apostolica>
1368 3237 1552 3324 appellavit,

600 3347 683 3407 diem
715 3344 880 3428 praefigens
912 3342 1108 3407 Dominicum
1139 3364 1204 3427 qua
1232 3338 1411 3405 cantabitur
1450 3343 1552 3413 Quasi

601 3448 692 3509 modo
702 3448 814 3526 geniti.
