3875 5725
497 895 691 974 1159-6a.]
880 912 1059 956 nrisronn.

493 1200 717 1267 EPISTOLA
740 1199 1027 1265 LXXXHL-AD
1041 1219 1270 1264 ninxiunnou
1291 1220 1444 1264 mucoris.

868 1318 1066 1363 nrrscororu.

668 1435 891 1497 Liucolniensi
904 1435 1052 1514 miscopo
1069 1434 1267 1498 Alemandro.

536 1566 664 1632 Torlus
689 1567 828 1631 ecclesiae
854 1566 1052 1652 periclitatur
1083 1568 1179 1648 salus,
1205 1569 1230 1631 si
1266 1570 1445 1652 remigium,

492 1667 545 1730 cui
561 1669 678 1731 Petrus
692 1667 853 1752 praesidet,
869 1666 1018 1730 manibus
1032 1667 1245 1731 committitur
1265 1668 1444 1753 impudicis

494 1771 617 1831 Navem
632 1765 798 1851 piscatoris
818 1763 936 1848 egregii
957 1761 1116 1825 ecclesiam
1138 1786 1204 1826 esse
1224 1764 1354 1828 scimus:
1380 1767 1446 1828 Ro·

492 1887 624 1930 manum
647 1863 828 1950 pontificem
850 1863 1005 1949 principis
1025 1861 1240 1947 apostolorum
1264 1887 1325 1927 non
1347 1865 1447 1929 ambi-

493 1968 599 2051 gimus
621 1989 687 2029 esse
710 1965 873 2040 vicarium,
896 1964 962 2050 qui,
988 1964 1069 2027 sicut
1092 1976 1196 2028 rector
1214 1967 1304 2028 clavo
1323 1986 1446 2049 navem,

493 2070 539 2133 ita
554 2060 649 2154 sigilli
665 2069 715 2132 sui
737 2066 950 2131 moderamine
971 2065 1132 2139 ecclesiam
1149 2067 1242 2152 regit,
1256 2066 1398 2152 corrigit,
1414 2079 1446 2131 et

493 2171 604 2257 dirigit
620 2171 809 2234 universam.
858 2171 965 2256 Hujus
981 2192 1057 2252 ergo
1080 2170 1175 2255 sigilli
1196 2168 1358 2255 corruptio
1377 2167 1447 2233 uni-

491 2273 620 2339 versalis
634 2271 773 2337 ecclesiae
788 2271 965 2358 periculum
982 2283 1040 2351 est,
1056 2291 1154 2357 quum
1170 2271 1211 2334 ad
1231 2273 1328 2336 unius
1343 2272 1447 2355 signa-

493 2376 557 2440 culi
580 2389 686 2441 notam
711 2375 790 2439 solvi
816 2387 848 2439 et
868 2374 977 2438 claudi
1002 2377 1124 2459 possint
1148 2374 1366 2459 quorumlibet
1389 2396 1446 2436 ora

492 2479 690 2563 pontificum,
714 2489 746 2542 et
766 2477 861 2562 culpa
881 2476 1035 2562 quaelibet
1058 2476 1215 2561 impunita
1235 2490 1445 2563 pertranseat,

489 2591 525 2643 et
548 2580 730 2646 innocentia
755 2576 993 2642 condemnetur.
1039 2579 1136 2640 Unde
1161 2579 1193 2641 in
1224 2579 1360 2664 eosqui
1386 2580 1447 2642 hoc

493 2692 685 2767 attemptare
707 2692 916 2765 praesumunt,
941 2678 1258 2743 animadvertendum
1281 2693 1340 2758 est,
1364 2680 1446 2744 sicut

492 2780 525 2843 in
541 2781 647 2844 hostes
662 2780 807 2865 publicos
822 2792 852 2841 et
870 2779 967 2843 totius
982 2777 1131 2852 ecclesiae,
1149 2791 1305 2864 quantum
1322 2781 1352 2842 in
1369 2780 1446 2865 ipsis

492 2896 553 2957 cst,
583 2882 794 2944 subversores.
851 2881 978 2943 Horum
1008 2901 1092 2942 unus
1121 2879 1208 2965 apud
1244 2901 1302 2943 ros
1330 2879 1447 2958 latitat,

492 2986 535 3046 Α,
552 3006 577 3047 s.
594 2981 634 3045 de
647 2980 862 3045 Grimelinche
876 2978 933 3064 qui
945 2978 1061 3041 crimen
1074 2979 1157 3056 falsi,
1173 2980 1260 3065 quod
1275 2981 1305 3042 in
1321 2992 1447 3065 aposto-

493 3083 560 3148 licis
585 3081 742 3148 commisit
768 3078 923 3167 apicibuS,
947 3080 1088 3166 perjurio
1112 3081 1289 3159 cumulans,
1315 3080 1445 3145 anathe-

492 3187 587 3250 matis
610 3184 736 3248 vinculo
760 3183 876 3247 meruit
902 3183 1059 3245 innodari.
1103 3183 1310 3269 Praecipimus
1335 3183 1446 3268 itaque

493 3301 530 3353 ut
543 3286 649 3372 ipsum
667 3286 791 3373 publice
811 3284 1120 3349 excommunicatum
1141 3284 1349 3364 denuncietis,
1365 3299 1397 3351 et
1418 3288 1445 3351 si

492 3388 716 3474 comprehendi
731 3400 849 3475 potest,
865 3388 958 3453 sicuti
974 3388 1139 3452 manifeste
1154 3390 1317 3474 perjurum
1336 3403 1368 3455 et
1387 3390 1446 3454 fal-

488 3489 611 3553 sarium
625 3488 666 3553 ad
681 3511 739 3552 nos
752 3488 876 3552 faciatis
895 3487 1020 3552 adduci.
1071 3492 1123 3552 Ne
1141 3512 1216 3552 vero
1235 3491 1352 3553 crimen
1374 3490 1445 3557 salsi

489 3590 593 3675 ipsum
624 3590 815 3653 commisisse
844 3588 1010 3668 dubitetis,
1035 3590 1234 3675 exscriptum
1264 3591 1443 3656 litterarum
1534 3633 1540 3641 -

492 3690 612 3756 domini
626 3713 719 3776 papae
735 3691 825 3755 vobis
837 3690 1008 3755 transmitti
1020 3691 1241 3776 praecepimus,
1252 3715 1334 3778 quas
1349 3715 1445 3778 penes

491 3813 523 3853 se
552 3790 691 3854 bullatas
719 3812 799 3867 esse,
826 3789 895 3873 ipse
920 3801 952 3852 et
977 3789 1139 3855 Jordanus
1163 3790 1332 3875 presbyter
1355 3792 1446 3876 jura-

387 3967 391 3974 ,
493 3904 618 3956 verunt.

750 4162 975 4229 EPISTOLA
1000 4164 1185 4228 LXXXIV.

537 4298 708 4358 Eccnnsrn
723 4308 839 4360 sanctae
854 4294 1022 4361 Trinitatis
1038 4295 1280 4378 Londoniensis,
1294 4297 1457 4363 adversus*

495 4394 673 4458 Martinum
689 4394 729 4457 de
745 4396 911 4460 Waltham
927 4420 1035 4482 agens,
1051 4396 1187 4461 decimas
1202 4398 1355 4483 quasdam
1375 4421 1446 4483 per-

491 4497 629 4562 tinentes
654 4495 695 4558 ad
721 4494 881 4560 ecclesiam
907 4497 946 4560 de
972 4495 1222 4562 Welcnmeston.
1257 4508 1289 4561 et
1310 4501 1445 4583 quasin

942 4606 991 4660 12
