3875 5725
498 873 692 954 1159-64.]
907 877 1088 935 amaruan.
1394 864 1452 931 tta

495 1042 654 1108 desiderat
670 1041 844 1106 emendari.
867 1041 922 1104 Ad
938 1040 1091 1106 illustrem
1109 1039 1212 1103 virum
1228 1037 1312 1123 regis
1331 1039 1451 1124 Anglo·

497 1167 571 1208 rum
586 1136 1028 1230 cancellarium'properabat,
1043 1142 1098 1206 sed
1112 1163 1197 1218 eum,
1213 1141 1273 1205 nisi
1288 1162 1453 1225 processus

494 1243 682 1329 expedierit,
704 1242 862 1306 cohibete.
907 1241 1067 1308 Garrulus
1089 1241 1174 1305 enim
1194 1253 1254 1317 est,
1269 1254 1301 1304 et
1323 1241 1381 1326 qui
1397 1240 1452 1303 vix

492 1345 630 1408 amicum
655 1344 785 1408 habebit
808 1345 841 1407 in
864 1345 962 1408 curia.
1009 1342 1135 1407 Nollem
1162 1356 1267 1407 tamen
1289 1343 1379 1428 quod
1402 1362 1452 1404 me

493 1446 665 1510 curialibus
679 1445 797 1510 faceret
812 1445 988 1509 inimicum.
1035 1443 1152 1506 Precor
1166 1457 1202 1508 ut
1226 1467 1298 1508 eum
1320 1444 1449 1508 incunc-

495 1560 600 1611 tanter
622 1545 787 1621 erudiatis,
810 1569 949 1632 eumque
972 1549 1152 1629 expectanti
1176 1547 1276 1608 amico
1298 1546 1451 1610 remittite

494 1647 693 1732 castigatum.
732 1651 806 1711 Non
822 1646 972 1730 equidem
990 1658 1026 1708 ut
1040 1645 1095 1707 fur
1108 1644 1162 1706 ille
1179 1644 1332 1708 Cautuar.
1349 1646 1450 1723 Brito,

494 1747 536 1810 de
562 1748 655 1833 cujus
680 1770 776 1810 manu
806 1745 900 1809 avelli
930 1768 991 1808 non
1021 1745 1140 1829 potuit,
1167 1758 1337 1828 antequam
1364 1758 1451 1809 totus

495 1847 734 1935 depingeretur,
758 1848 839 1911 sorte
863 1858 898 1910 ut
920 1845 1046 1909 facilius
1071 1845 1172 1930 possit
1193 1845 1284 1929 argui
1312 1845 1450 1909 bostium

493 1948 596 2012 oculis
617 1947 818 2034 ingerendus.
864 1950 958 2012 Hanc
983 1949 1090 2032 itaque
1112 1951 1299 2012 Graecorum
1321 1970 1451 2011 consue-

496 2049 640 2113 tudinem
656 2072 722 2113 esse
737 2049 911 2129 audieram,
923 2048 979 2112 sed
993 2071 1059 2112 esse
1072 2048 1242 2113 Britonum
1253 2048 1448 2134 ignorabam.

615 2314 851 2384 EPISTOLA
878 2319 1164 2386 LXXXII.-au
1179 2340 1330 2384 nonnam.

538 2455 643 2533 Quom
656 2454 724 2518 baec
740 2455 919 2531 scriberem,
931 2455 1056 2519 notario
1067 2456 1165 2519 risum
1178 2457 1276 2519 movit
1288 2455 1450 2540 praemissa

493 2557 692 2622 salutationis
714 2557 889 2642 inscriptio,
909 2558 1001 2642 cujus
1023 2580 1148 2620 causam
1171 2557 1353 2642 inquisitus,
1373 2556 1449 2620 ridi-

490 2656 600 2721 culum
616 2680 666 2720 me
682 2658 887 2723 salutatorem
912 2658 1035 2721 monuit
1052 2657 1140 2743 loqui
1161 2657 1347 2736 consultius,
1361 2670 1394 2720 et
1409 2680 1448 2720 ne

492 2780 600 2822 amara
621 2769 652 2821 et
673 2758 810 2844 insipida
830 2757 981 2821 dulcibus
1001 2757 1160 2835 misceam,
1177 2771 1371 2842 temperare:
1403 2759 1448 2822 ait

491 2857 575 2921 enim
588 2870 620 2921 te
631 2855 712 2921 sicut
723 2855 883 2920 ‘salutem'
896 2868 1061 2941 acceptare
1072 2854 1276 2931 oblatam,sic
1287 2858 1448 2941 aspernari

493 2956 813 3044 quodsubjungitur,
829 2959 882 3019 ‘et
897 2956 1057 3040 seipsum!
1094 2954 1192 3019 Forte
1203 2957 1278 3042 quia
1292 2979 1447 3035 amarum,

492 3058 568 3144 quia
602 3057 788 3142 insipidum,
818 3049 994 3142 praesertim
1030 3056 1116 3120 domi
1152 3080 1220 3122 suae
1253 3057 1449 3125 dulcioribus

491 3157 680 3222 abundanti.
707 3158 780 3240 Ego
795 3169 902 3221 autem
918 3155 998 3241 quid
1014 3155 1055 3219 ad
1070 3154 1155 3220 ista?
1176 3170 1302 3221 mutare
1315 3159 1449 3248 inscrip-

493 3257 611 3321 tionem
629 3271 724 3343 turpe
739 3252 880 3343 quidem,
896 3257 951 3321 sed
971 3280 1040 3321 eam
1057 3258 1123 3321 sine
1138 3258 1330 3324 discussione
1345 3274 1449 3327 trans·

491 3359 618 3423 mittere
648 3358 850 3424 temerarium
882 3357 1063 3423 videbatur.
1108 3356 1267 3424 Praeterea
1294 3364 1347 3427 cui
1376 3366 1447 3431 haeo

490 3458 672 3524 mandanda
690 3459 856 3535 discussio,
876 3459 1055 3525 incertum:
1086 3460 1120 3525 Si
1141 3461 1225 3524 enim
1247 3466 1315 3547 ipse
1337 3462 1445 3528 discu-

489 3564 568 3626 tiam
582 3561 730 3639 clemens‚
743 3561 802 3626 tibi
817 3574 929 3647 potero
940 3582 1007 3624 esse
1019 3574 1192 3647 suspectus,
1204 3565 1230 3627 si
1240 3562 1445 3629 calumnianti

489 3662 603 3743 recolo,
618 3662 695 3749 quia
718 3662 941 3728 calumniantis
963 3685 1000 3725 os
1019 3684 1083 3725 uon
1105 3662 1247 3747 loquitur
1268 3666 1445 3730 veritatem.

491 3766 524 3828 Si
537 3760 607 3840 tibi,
620 3764 753 3829 aemulus
763 3786 826 3826 non
842 3762 1028 3847 adquiescit,
1039 3763 1158 3840 dicens,
1171 3777 1203 3825 te
1214 3765 1367 3828 sinceram
1381 3788 1444 3829 non

489 3885 579 3949 posse
593 3866 676 3929 ferre
694 3863 893 3936 sententiam,
909 3863 965 3946 qui
983 3876 1039 3925 aut
1055 3860 1095 3924 de
1116 3884 1198 3925 novo
1213 3862 1315 3927 hostis
1329 3887 1374 3939 es,
1388 3879 1444 3929 aut

488 3964 528 4028 de
557 3966 691 4052 antiqua
720 3962 931 4028 familiaritate
961 3961 1091 4026 amicus.
1146 3961 1276 4027 Privata
1305 3988 1444 4052 namque

488 4068 614 4131 affectio
629 4067 815 4132 sententiam
833 4086 895 4127 non
911 4063 995 4149 parit
1010 4063 1237 4150 incorruptam.
1269 4068 1348 4132 Post
1362 4069 1443 4134 mul·

490 4180 554 4230 tam
570 4167 680 4251 itaque
703 4166 963 4231 deliberationem
987 4163 1116 4229 tandem
1136 4164 1229 4243 sedit,
1248 4181 1282 4232 ut
1298 4168 1440 4253 judicem

488 4265 605 4351 eligam
621 4266 736 4332 domus
751 4280 826 4343 tuae,
840 4267 950 4342 ubi,·te
965 4267 1107 4342 absente,
1122 4282 1279 4353 praesente
1295 4270 1442 4336 Waltero

489 4367 531 4431 de
555 4367 665 4444 Calna,
680 4368 738 4451 qui
760 4381 864 4431 tamen
887 4383 920 4434 et
935 4370 1004 4455 ipse
1020 4369 1085 4433 doli
1106 4369 1193 4454 argui
1214 4383 1331 4455 potest,
1346 4393 1442 4435 causa

488 4470 677 4533 familiarius
692 4466 850 4551 agitetur:
881 4471 981 4553 partis
995 4470 1146 4547 adversae,
1161 4493 1222 4534 non
1240 4471 1336 4534 timeo
1351 4472 1442 4561 adju.

534 4590 605 4637 von.
623 4592 645 4639 1.
963 4592 975 4633 1
