3875 5725
429 838 539 919 1166]
831 854 1011 898 nrrsrornn.
1317 842 1380 900 263

423 1015 456 1066 et
490 1013 643 1086 quantum
677 1004 710 1067 in
745 1006 816 1088 ipso
852 1019 910 1084 est,
948 997 1099 1070 evertens
1128 1006 1373 1089 dispositionem

424 1104 568 1181 Domini,
580 1116 612 1166 et
626 1106 853 1187 promissiones
862 1106 1002 1168 veritatis
1017 1126 1185 1182 evacuans,
1194 1106 1395 1197 Romanum

423 1203 591 1285 imperium
617 1205 745 1267 Christo
768 1208 966 1269 machinatur
992 1209 1121 1269 anferre.
1172 1208 1275 1268 Instat
1300 1227 1376 1286 ergo

421 1314 457 1366 ut
472 1326 588 1367 nomen
600 1305 721 1369 Christi
736 1307 776 1369 de
790 1309 923 1390 imperio
936 1308 1093 1371 deleatur:
1113 1309 1171 1371 sed
1188 1319 1222 1369 ut
1237 1309 1376 1371 muneris

422 1406 469 1468 tui
489 1406 584 1469 docet
602 1407 781 1489 inscriptio,
800 1431 919 1471 nomen
945 1410 1064 1472 Christi
1084 1409 1285 1490 singulariter
1304 1430 1375 1490 per·

423 1518 530 1570 manet
549 1507 583 1568 in
607 1518 771 1582 aeternnm,
792 1520 824 1570 et
842 1509 1065 1590 praesumentis
1086 1509 1264 1591 imperinm,
1283 1522 1316 1572 et
1336 1510 1376 1573 de

422 1608 504 1671 salso
528 1609 637 1688 gloriae
655 1609 785 1669 nomine
806 1609 969 1687 gloriantis
992 1609 1175 1670 exinanitus
1192 1620 1240 1672 est
1260 1612 1373 1684 honor,

422 1719 454 1769 et
483 1707 627 1788 profecto
655 1707 845 1793 humiliabit
867 1729 952 1785 eum,
982 1710 1037 1790 qni
1068 1721 1117 1772 est
1145 1720 1218 1771 ante
1248 1713 1374 1774 saecula.

425 1809 507 1870 Haeo
521 1798 629 1871 omnia
643 1820 675 1871 et
690 1811 791 1892 plura,
801 1831 872 1891 qnae
888 1809 1035 1871 brevitati
1050 1809 1201 1872 insistens
1212 1819 1375 1892 praetereO,

424 1911 455 1971 in
485 1912 605 1973 annulo
635 1913 874 2013 contemplatus
900 1932 983 1988 snm,
1012 1912 1193 1974 fraternam·
1209 1912 1374 1976 caritatem

422 2032 602 2090 agnoscens
625 2012 659 2074 in
685 2033 827 2089 munere,
851 2025 883 2076 et
908 2012 950 2075 ad
976 2013 1123 2075 virtutem
1149 2012 1316 2075 salubriter
1343 2029 1376 2078 et

423 2113 641 2196 multipliciter
661 2114 803 2177 eruditus
823 2136 865 2176 ex
886 2114 1027 2177 muneris
1051 2115 1212 2198 qualitate.
1257 2117 1373 2179 Nonne

420 2235 495 2295 ergo
512 2215 583 2277 talis
605 2217 691 2277 omni
709 2216 783 2299 jure
800 2230 832 2278 et
848 2217 960 2279 merito
978 2216 1135 2279 amandus
1151 2229 1200 2280 est
1218 2228 1250 2279 et
1264 2219 1373 2280 colen-

420 2312 505 2376 dus?
540 2326 572 2377 et
595 2315 723 2398 quidem
747 2337 852 2378 amare
873 2338 1001 2400 semper
1018 2318 1104 2395 licet,
1127 2340 1188 2380 neo
1211 2318 1374 2400 prohiberi
1402 2353 1409 2371 ·

418 2427 535 2498 potest,
561 2429 592 2479 et
620 2418 682 2481 hoo
712 2419 938 2482 indesinenter
957 2432 989 2482 et
1018 2420 1175 2483 intensive
1202 2419 1319 2498 efficio,
1343 2430 1375 2483 et

420 2519 524 2581 habeo
546 2519 580 2580 in
603 2522 780 2603 proposita,
796 2532 831 2584 nt
847 2543 944 2603 quum
961 2523 1097 2598 licuerit,
1114 2522 1257 2609 debitum
1273 2523 1373 2586 amori

420 2620 541 2680 cultum
564 2629 723 2699 gratanter
744 2621 939 2703 impendam.
985 2623 1117 2683 Interim
1140 2644 1214 2685 vero
1238 2633 1374 2703 quantas

421 2739 552 2800 possum
572 2721 687 2798 gratias
710 2743 782 2801 ago,
797 2743 914 2801 rogans
935 2722 1098 2798 attentiuS,
1116 2732 1152 2784 ut
1170 2725 1372 2786 fraterculum

419 2829 562 2882 nostrum
578 2821 837 2884 commendatum
856 2822 1013 2895 habeatis
1030 2832 1063 2884 et
1077 2821 1128 2883 his
1147 2822 1202 2904 qui
1221 2843 1281 2884 nos
1296 2842 1372 2886 con·

420 2922 558 3002 tingunt,
575 2944 670 3004 quam
686 2924 811 2985 licuerit
826 2924 1025 3006 diligentiam
1040 2924 1242 3006 impendatis.

448 3231 668 3295 EPISTOLA
691 3233 1071 3296 CLXVlll.-nrcaaoo
1086 3251 1213 3297 rrcrav.
1229 3253 1347 3299 nacar-

694 3353 846 3397 nrncono
873 3335 918 3413 [A.
933 3353 962 3396 n.
983 3335 1092 3413 1166]

418 3491 1148 3577 MagistroRaimnndoPiclant'ensisecclesiae
1158 3493 1372 3562 Cancellario.

463 3632 665 3695 Ponamens
681 3652 700 3693 a
714 3627 804 3689 robis
819 3626 957 3703 rediens,
968 3625 1055 3689 unde
1071 3626 1247 3690 sinceritati
1260 3639 1371 3691 vestras

418 3733 602 3794 innumeras
622 3732 739 3810 gratias
758 3749 830 3807 ago,
845 3728 967 3790 litteras
985 3728 1102 3802 retulit,
1117 3729 1218 3789 multa
1236 3727 1323 3818 fidei,
1338 3740 1371 3791 et

418 3834 557 3896 caritatis
571 3824 693 3894 indicia
709 3830 921 3910 praeferentes.
966 3829 1018 3889 Eo
1033 3827 1119 3889 enim
1135 3828 1250 3908 spiritu
1261 3828 1370 3891 viden·
1443 3902 1446 3910 Ι
1463 3864 1465 3869 ,

418 3946 469 3996 tur
491 3956 562 3997 csse
586 3940 763 4012 conceptas,
788 3939 823 3990 nt
847 3929 973 4008 singula
993 3929 1089 3989 verba
1111 3936 1143 3988 et
1165 3926 1229 3987 fere
1251 3926 1370 4007 singuli

416 4036 524 4117 apices
540 4035 640 4115 signis
656 4031 804 4095 fidelibus
824 4040 1050 4114 protestentur,
1067 4049 1101 4090 se
1116 4026 1158 4090 ad
1173 4028 1310 4090 amicum
1327 4029 1368 4092 de
1435 4078 1438 4116 3

417 4135 638 4197 sincerissimae
655 4134 835 4196 dilectionis
851 4132 947 4214 adipe
963 4130 1167 4214 processisse.
1213 4130 1277 4217 Sed
1293 4130 1370 4214 quia

418 4236 453 4297 111
475 4236 550 4312 illis,
566 4237 647 4298 sicut
665 4236 699 4298 in
720 4235 843 4299 domini
869 4235 933 4297 mei
956 4232 1103 4317 episcopi
1128 4233 1259 4315 scripto,
1279 4236 1369 4316 plura

421 4336 666 4399 continebantur
685 4339 793 4419 capita
809 4335 1007 4417 negotiorum
1031 4356 1101 4417 qnae
1123 4332 1368 4396 sollicitudinem
1445 4325 1448 4330 ’

421 4438 557 4502 amantis
573 4457 688 4515 augere
710 4448 873 4518 poterant:
899 4447 1009 4521 utpote
1026 4434 1112 4517 quod
1134 4436 1228 4517 plena
1250 4454 1366 4497 conva-
