<?xml version="1.0" encoding="UTF-8"?>
<!DOCTYPE html PUBLIC "-//W3C//DTD XHTML 1.0 Transitional//EN"
    "http://www.w3.org/TR/xhtml1/DTD/xhtml1-transitional.dtd">
<html xmlns="http://www.w3.org/1999/xhtml" xml:lang="en" lang="en">
 <head>
  <title>
</title>
<meta http-equiv="Content-Type" content="text/html;charset=utf-8" />
  <meta name='ocr-system' content='tesseract 3.04.00' />
  <meta name='ocr-capabilities' content='ocr_page ocr_carea ocr_par ocr_line ocrx_word'/>
</head>
<body>
  <div class='ocr_page' id='page_1' title='image "./joannissaresber01johngoog_0291.png"; bbox 0 0 3875 5725; ppageno 0'>
   <div class='ocr_carea' id='block_1_1' title="bbox 405 896 1353 976">
    <p class='ocr_par' dir='ltr' id='par_1_1' title="bbox 405 896 1353 976">
     <span class='ocr_line' id='line_1_1' title="bbox 405 896 1353 976; baseline 0.011 -19"><span class='ocrx_word' id='word_1_1' title='bbox 405 896 512 976; x_wconf 79' lang='lat' dir='ltr'><strong>noa]</strong></span> <span class='ocrx_word' id='word_1_2' title='bbox 787 919 965 965; x_wconf 76' lang='lat' dir='ltr'><strong>srrsrotn.</strong></span> <span class='ocrx_word' id='word_1_3' title='bbox 1289 911 1353 967; x_wconf 69' lang='lat'><strong>278</strong></span> 
     </span>
    </p>
   </div>
   <div class='ocr_carea' id='block_1_2' title="bbox 392 1068 1350 2963">
    <p class='ocr_par' dir='ltr' id='par_1_2' title="bbox 392 1068 1350 2963">
     <span class='ocr_line' id='line_1_2' title="bbox 398 1068 1350 1149; baseline 0.007 -20"><span class='ocrx_word' id='word_1_4' title='bbox 398 1068 571 1149; x_wconf 85' lang='lat' dir='ltr'>confugere</span> <span class='ocrx_word' id='word_1_5' title='bbox 594 1091 725 1133; x_wconf 88' lang='lat' dir='ltr'><strong>necesse</strong></span> <span class='ocrx_word' id='word_1_6' title='bbox 748 1072 864 1146; x_wconf 87' lang='lat' dir='ltr'><strong>haben,</strong></span> <span class='ocrx_word' id='word_1_7' title='bbox 885 1083 920 1136; x_wconf 94' lang='lat' dir='ltr'><strong>ut</strong></span> <span class='ocrx_word' id='word_1_8' title='bbox 937 1075 1048 1136; x_wconf 78' lang='lat' dir='ltr'><strong>restris</strong></span> <span class='ocrx_word' id='word_1_9' title='bbox 1071 1074 1350 1136; x_wconf 80' lang='lat' dir='ltr'><strong>intercessionibus</strong></span> 
     </span>
     <span class='ocr_line' id='line_1_3' title="bbox 399 1168 1350 1248; baseline 0.008 -20"><span class='ocrx_word' id='word_1_10' title='bbox 399 1168 560 1248; x_wconf 85' lang='lat' dir='ltr'><strong>flagellum</strong></span> <span class='ocrx_word' id='word_1_11' title='bbox 588 1170 675 1232; x_wconf 91' lang='lat' dir='ltr'><strong>istud</strong></span> <span class='ocrx_word' id='word_1_12' title='bbox 701 1173 742 1234; x_wconf 93' lang='lat' dir='ltr'><strong>ab</strong></span> <span class='ocrx_word' id='word_1_13' title='bbox 769 1175 905 1236; x_wconf 88' lang='lat' dir='ltr'><strong>ecclesia</strong></span> <span class='ocrx_word' id='word_1_14' title='bbox 931 1196 992 1238; x_wconf 91' lang='lat' dir='ltr'><strong>sua</strong></span> <span class='ocrx_word' id='word_1_15' title='bbox 1021 1187 1053 1237; x_wconf 90' lang='lat' dir='ltr'><strong>et</strong></span> <span class='ocrx_word' id='word_1_16' title='bbox 1082 1175 1175 1237; x_wconf 91' lang='lat' dir='ltr'><strong>nobis</strong></span> <span class='ocrx_word' id='word_1_17' title='bbox 1205 1185 1350 1236; x_wconf 87' lang='lat' dir='ltr'><strong>amoveat</strong></span> 
     </span>
     <span class='ocr_line' id='line_1_4' title="bbox 399 1268 1349 1357; baseline 0.006 -28"><span class='ocrx_word' id='word_1_18' title='bbox 399 1268 569 1344; x_wconf 88' lang='lat' dir='ltr'><strong>Dominus,</strong></span> <span class='ocrx_word' id='word_1_19' title='bbox 585 1281 641 1332; x_wconf 90' lang='lat' dir='ltr'><strong>aut</strong></span> <span class='ocrx_word' id='word_1_20' title='bbox 656 1282 818 1336; x_wconf 84' lang='lat' dir='ltr'><strong>convertat</strong></span> <span class='ocrx_word' id='word_1_21' title='bbox 832 1274 864 1336; x_wconf 93' lang='lat' dir='ltr'><strong>in</strong></span> <span class='ocrx_word' id='word_1_22' title='bbox 883 1296 958 1338; x_wconf 89' lang='lat' dir='ltr'><strong>usus</strong></span> <span class='ocrx_word' id='word_1_23' title='bbox 974 1276 1087 1338; x_wconf 90' lang='lat' dir='ltr'><strong>salutis</strong></span> <span class='ocrx_word' id='word_1_24' title='bbox 1102 1286 1230 1350; x_wconf 76' lang='lat' dir='ltr'><strong>nostrae,</strong></span> <span class='ocrx_word' id='word_1_25' title='bbox 1245 1294 1349 1357; x_wconf 86' lang='lat' dir='ltr'><strong>neque</strong></span> 
     </span>
     <span class='ocr_line' id='line_1_5' title="bbox 397 1370 1348 1458; baseline 0.007 -30"><span class='ocrx_word' id='word_1_26' title='bbox 397 1389 456 1430; x_wconf 92' lang='lat' dir='ltr'><strong>nos</strong></span> <span class='ocrx_word' id='word_1_27' title='bbox 478 1370 618 1451; x_wconf 87' lang='lat' dir='ltr'><strong>patiatur</strong></span> <span class='ocrx_word' id='word_1_28' title='bbox 632 1370 666 1433; x_wconf 93' lang='lat' dir='ltr'><strong>in</strong></span> <span class='ocrx_word' id='word_1_29' title='bbox 682 1375 820 1453; x_wconf 89' lang='lat' dir='ltr'><strong>procella</strong></span> <span class='ocrx_word' id='word_1_30' title='bbox 841 1374 976 1437; x_wconf 86' lang='lat' dir='ltr'><strong>turbinis</strong></span> <span class='ocrx_word' id='word_1_31' title='bbox 998 1376 1095 1458; x_wconf 90' lang='lat' dir='ltr'><strong>hujus</strong></span> <span class='ocrx_word' id='word_1_32' title='bbox 1117 1374 1240 1458; x_wconf 89' lang='lat' dir='ltr'><strong>aliquid</strong></span> <span class='ocrx_word' id='word_1_33' title='bbox 1261 1395 1348 1436; x_wconf 90' lang='lat' dir='ltr'><strong>com-</strong></span> 
     </span>
     <span class='ocr_line' id='line_1_6' title="bbox 399 1469 1349 1557; baseline 0.005 -26"><span class='ocrx_word' id='word_1_34' title='bbox 399 1469 521 1534; x_wconf 82' lang='lat' dir='ltr'><strong>mittere</strong></span> <span class='ocrx_word' id='word_1_35' title='bbox 537 1481 649 1534; x_wconf 90' lang='lat' dir='ltr'><strong>contra</strong></span> <span class='ocrx_word' id='word_1_36' title='bbox 671 1473 787 1557; x_wconf 89' lang='lat' dir='ltr'><strong>ipsum,</strong></span> <span class='ocrx_word' id='word_1_37' title='bbox 808 1474 864 1537; x_wconf 90' lang='lat' dir='ltr'><strong>sed</strong></span> <span class='ocrx_word' id='word_1_38' title='bbox 888 1475 1004 1556; x_wconf 88' lang='lat' dir='ltr'><strong>dirigat</strong></span> <span class='ocrx_word' id='word_1_39' title='bbox 1024 1497 1149 1557; x_wconf 85' lang='lat' dir='ltr'><strong>gressus</strong></span> <span class='ocrx_word' id='word_1_40' title='bbox 1169 1489 1295 1536; x_wconf 89' lang='lat' dir='ltr'><strong>nostros</strong></span> <span class='ocrx_word' id='word_1_41' title='bbox 1314 1474 1349 1536; x_wconf 94' lang='lat' dir='ltr'><strong>in</strong></span> 
     </span>
     <span class='ocr_line' id='line_1_7' title="bbox 398 1569 1349 1658; baseline 0.006 -27"><span class='ocrx_word' id='word_1_42' title='bbox 398 1569 602 1653; x_wconf 91' lang='lat' dir='ltr'><strong>beneplacito</strong></span> <span class='ocrx_word' id='word_1_43' title='bbox 637 1594 705 1635; x_wconf 91' lang='lat' dir='ltr'><strong>suo.</strong></span> <span class='ocrx_word' id='word_1_44' title='bbox 758 1575 1025 1656; x_wconf 84' lang='lat' dir='ltr'><strong>Expectabamus</strong></span> <span class='ocrx_word' id='word_1_45' title='bbox 1060 1596 1182 1658; x_wconf 86' lang='lat' dir='ltr'><strong>pacem,</strong></span> <span class='ocrx_word' id='word_1_46' title='bbox 1212 1584 1244 1636; x_wconf 89' lang='lat' dir='ltr'><strong>et</strong></span> <span class='ocrx_word' id='word_1_47' title='bbox 1272 1595 1349 1637; x_wconf 90' lang='lat' dir='ltr'><strong>ecce</strong></span> 
     </span>
     <span class='ocr_line' id='line_1_8' title="bbox 398 1671 1349 1756; baseline 0.004 -24"><span class='ocrx_word' id='word_1_48' title='bbox 398 1671 581 1733; x_wconf 90' lang='lat' dir='ltr'><strong>Ecclesiam</strong></span> <span class='ocrx_word' id='word_1_49' title='bbox 591 1671 659 1754; x_wconf 88' lang='lat' dir='ltr'><strong>jam</strong></span> <span class='ocrx_word' id='word_1_50' title='bbox 671 1674 795 1753; x_wconf 84' lang='lat' dir='ltr'><strong>gravior·</strong></span> <span class='ocrx_word' id='word_1_51' title='bbox 807 1675 934 1737; x_wconf 83' lang='lat' dir='ltr'><strong>infestat</strong></span> <span class='ocrx_word' id='word_1_52' title='bbox 949 1677 1096 1747; x_wconf 86' lang='lat' dir='ltr'><strong>turbatio,</strong></span> <span class='ocrx_word' id='word_1_53' title='bbox 1109 1686 1196 1738; x_wconf 90' lang='lat' dir='ltr'><strong>tanta</strong></span> <span class='ocrx_word' id='word_1_54' title='bbox 1210 1674 1349 1756; x_wconf 88' lang='lat' dir='ltr'><strong>quidem,</strong></span> 
     </span>
     <span class='ocr_line' id='line_1_9' title="bbox 399 1770 1348 1838; baseline 0.004 -6"><span class='ocrx_word' id='word_1_55' title='bbox 399 1782 434 1832; x_wconf 91' lang='lat' dir='ltr'><strong>ut</strong></span> <span class='ocrx_word' id='word_1_56' title='bbox 448 1770 490 1833; x_wconf 89' lang='lat' dir='ltr'><strong>ad</strong></span> <span class='ocrx_word' id='word_1_57' title='bbox 504 1772 755 1835; x_wconf 85' lang='lat' dir='ltr'><strong>subveniendum</strong></span> <span class='ocrx_word' id='word_1_58' title='bbox 768 1775 862 1836; x_wconf 88' lang='lat' dir='ltr'><strong>inane</strong></span> <span class='ocrx_word' id='word_1_59' title='bbox 873 1774 1018 1837; x_wconf 88' lang='lat' dir='ltr'><strong>rideatur</strong></span> <span class='ocrx_word' id='word_1_60' title='bbox 1032 1776 1186 1838; x_wconf 82' lang='lat' dir='ltr'><strong>auxilium</strong></span> <span class='ocrx_word' id='word_1_61' title='bbox 1199 1775 1348 1837; x_wconf 88' lang='lat' dir='ltr'><strong>hominis.</strong></span> 
     </span>
     <span class='ocr_line' id='line_1_10' title="bbox 397 1870 1348 1955; baseline 0.003 -22"><span class='ocrx_word' id='word_1_62' title='bbox 397 1871 450 1933; x_wconf 87' lang='lat' dir='ltr'><strong>Ad</strong></span> <span class='ocrx_word' id='word_1_63' title='bbox 472 1870 571 1953; x_wconf 91' lang='lat' dir='ltr'><strong>pedes</strong></span> <span class='ocrx_word' id='word_1_64' title='bbox 591 1872 700 1955; x_wconf 88' lang='lat' dir='ltr'><strong>itaque</strong></span> <span class='ocrx_word' id='word_1_65' title='bbox 723 1873 902 1936; x_wconf 87' lang='lat' dir='ltr'><strong>sanctitatis</strong></span> <span class='ocrx_word' id='word_1_66' title='bbox 923 1885 1047 1948; x_wconf 76' lang='lat' dir='ltr'><strong>vestrae,</strong></span> <span class='ocrx_word' id='word_1_67' title='bbox 1071 1885 1103 1938; x_wconf 91' lang='lat' dir='ltr'><strong>et</strong></span> <span class='ocrx_word' id='word_1_68' title='bbox 1126 1876 1254 1937; x_wconf 84' lang='lat' dir='ltr'><strong>fratrum</strong></span> <span class='ocrx_word' id='word_1_69' title='bbox 1277 1896 1348 1936; x_wconf 89' lang='lat' dir='ltr'><strong>ves·</strong></span> 
     </span>
     <span class='ocr_line' id='line_1_11' title="bbox 397 1972 1348 2057; baseline 0.003 -23"><span class='ocrx_word' id='word_1_70' title='bbox 397 1983 515 2034; x_wconf 88' lang='lat' dir='ltr'><strong>trorum</strong></span> <span class='ocrx_word' id='word_1_71' title='bbox 531 1982 598 2035; x_wconf 89' lang='lat' dir='ltr'><strong>tota</strong></span> <span class='ocrx_word' id='word_1_72' title='bbox 619 1975 733 2035; x_wconf 88' lang='lat' dir='ltr'><strong>mentis</strong></span> <span class='ocrx_word' id='word_1_73' title='bbox 753 1972 920 2037; x_wconf 89' lang='lat' dir='ltr'><strong>devotione</strong></span> <span class='ocrx_word' id='word_1_74' title='bbox 941 1977 1124 2057; x_wconf 87' lang='lat' dir='ltr'><strong>provolutus</strong></span> <span class='ocrx_word' id='word_1_75' title='bbox 1144 1974 1348 2037; x_wconf 85' lang='lat' dir='ltr'><strong>affectuosius</strong></span> 
     </span>
     <span class='ocr_line' id='line_1_12' title="bbox 396 2073 1347 2155; baseline 0.002 -20"><span class='ocrx_word' id='word_1_76' title='bbox 396 2073 555 2155; x_wconf 87' lang='lat' dir='ltr'><strong>supplico,</strong></span> <span class='ocrx_word' id='word_1_77' title='bbox 585 2084 622 2136; x_wconf 90' lang='lat' dir='ltr'><strong>ut</strong></span> <span class='ocrx_word' id='word_1_78' title='bbox 650 2075 861 2138; x_wconf 84' lang='lat' dir='ltr'><strong>misereamini</strong></span> <span class='ocrx_word' id='word_1_79' title='bbox 891 2076 1003 2150; x_wconf 86' lang='lat' dir='ltr'><strong>nostri,</strong></span> <span class='ocrx_word' id='word_1_80' title='bbox 1027 2077 1138 2139; x_wconf 88' lang='lat' dir='ltr'><strong>saltem</strong></span> <span class='ocrx_word' id='word_1_81' title='bbox 1165 2097 1222 2138; x_wconf 86' lang='lat' dir='ltr'><strong>vos</strong></span> <span class='ocrx_word' id='word_1_82' title='bbox 1252 2074 1347 2138; x_wconf 86' lang='lat' dir='ltr'><strong>amici</strong></span> 
     </span>
     <span class='ocr_line' id='line_1_13' title="bbox 398 2175 1349 2253; baseline 0.002 -17"><span class='ocrx_word' id='word_1_83' title='bbox 398 2175 540 2251; x_wconf 88' lang='lat' dir='ltr'><strong>Domini,</strong></span> <span class='ocrx_word' id='word_1_84' title='bbox 570 2184 603 2237; x_wconf 92' lang='lat' dir='ltr'><strong>et</strong></span> <span class='ocrx_word' id='word_1_85' title='bbox 632 2176 871 2239; x_wconf 87' lang='lat' dir='ltr'><strong>Cantuariensis</strong></span> <span class='ocrx_word' id='word_1_86' title='bbox 906 2179 1078 2253; x_wconf 83' lang='lat' dir='ltr'><strong>Ecclesiae,</strong></span> <span class='ocrx_word' id='word_1_87' title='bbox 1108 2191 1140 2240; x_wconf 88' lang='lat' dir='ltr'><strong>ct</strong></span> <span class='ocrx_word' id='word_1_88' title='bbox 1167 2199 1285 2252; x_wconf 89' lang='lat' dir='ltr'><strong>meum,</strong></span> <span class='ocrx_word' id='word_1_89' title='bbox 1315 2188 1349 2239; x_wconf 90' lang='lat' dir='ltr'><strong>et</strong></span> 
     </span>
     <span class='ocr_line' id='line_1_14' title="bbox 397 2273 1347 2359; baseline 0.005 -25"><span class='ocrx_word' id='word_1_90' title='bbox 397 2273 498 2336; x_wconf 78' lang='lat' dir='ltr'><strong>fratris</strong></span> <span class='ocrx_word' id='word_1_91' title='bbox 521 2275 592 2352; x_wconf 91' lang='lat' dir='ltr'><strong>mei,</strong></span> <span class='ocrx_word' id='word_1_92' title='bbox 615 2287 646 2338; x_wconf 89' lang='lat' dir='ltr'><strong>et</strong></span> <span class='ocrx_word' id='word_1_93' title='bbox 668 2275 907 2338; x_wconf 85' lang='lat' dir='ltr'><strong>coexulantium</strong></span> <span class='ocrx_word' id='word_1_94' title='bbox 934 2276 1039 2347; x_wconf 89' lang='lat' dir='ltr'><strong>nobis,</strong></span> <span class='ocrx_word' id='word_1_95' title='bbox 1064 2277 1173 2339; x_wconf 87' lang='lat' dir='ltr'><strong>restris</strong></span> <span class='ocrx_word' id='word_1_96' title='bbox 1197 2277 1347 2359; x_wconf 87' lang='lat' dir='ltr'><strong>precibus</strong></span> 
     </span>
     <span class='ocr_line' id='line_1_15' title="bbox 396 2374 1348 2439; baseline 0.004 -5"><span class='ocrx_word' id='word_1_97' title='bbox 396 2374 568 2437; x_wconf 86' lang='lat' dir='ltr'><strong>sublevetis</strong></span> <span class='ocrx_word' id='word_1_98' title='bbox 592 2377 735 2438; x_wconf 87' lang='lat' dir='ltr'><strong>exilium.</strong></span> <span class='ocrx_word' id='word_1_99' title='bbox 780 2375 853 2438; x_wconf 88' lang='lat' dir='ltr'><strong>Jam</strong></span> <span class='ocrx_word' id='word_1_100' title='bbox 880 2377 963 2438; x_wconf 89' lang='lat' dir='ltr'><strong>enirn</strong></span> <span class='ocrx_word' id='word_1_101' title='bbox 992 2376 1032 2438; x_wconf 93' lang='lat' dir='ltr'><strong>de</strong></span> <span class='ocrx_word' id='word_1_102' title='bbox 1059 2377 1200 2439; x_wconf 89' lang='lat' dir='ltr'><strong>humano</strong></span> <span class='ocrx_word' id='word_1_103' title='bbox 1226 2377 1348 2438; x_wconf 84' lang='lat' dir='ltr'><strong>auxilio</strong></span> 
     </span>
     <span class='ocr_line' id='line_1_16' title="bbox 395 2473 1347 2562; baseline 0.003 -26"><span class='ocrx_word' id='word_1_104' title='bbox 395 2473 611 2557; x_wconf 85' lang='lat' dir='ltr'><strong>desperamus.</strong></span> <span class='ocrx_word' id='word_1_105' title='bbox 659 2480 732 2540; x_wconf 90' lang='lat' dir='ltr'><strong>Hoc</strong></span> <span class='ocrx_word' id='word_1_106' title='bbox 748 2499 876 2560; x_wconf 92' lang='lat' dir='ltr'><strong>quoque</strong></span> <span class='ocrx_word' id='word_1_107' title='bbox 892 2479 1044 2541; x_wconf 87' lang='lat' dir='ltr'><strong>attentius</strong></span> <span class='ocrx_word' id='word_1_108' title='bbox 1059 2477 1225 2562; x_wconf 89' lang='lat' dir='ltr'><strong>deprecor,</strong></span> <span class='ocrx_word' id='word_1_109' title='bbox 1239 2489 1275 2540; x_wconf 92' lang='lat' dir='ltr'><strong>ut</strong></span> <span class='ocrx_word' id='word_1_110' title='bbox 1290 2498 1347 2561; x_wconf 93' lang='lat' dir='ltr'><strong>pro</strong></span> 
     </span>
     <span class='ocr_line' id='line_1_17' title="bbox 392 2577 1344 2661; baseline 0.004 -23"><span class='ocrx_word' id='word_1_111' title='bbox 392 2597 466 2657; x_wconf 85' lang='lat' dir='ltr'><strong>rege</strong></span> <span class='ocrx_word' id='word_1_112' title='bbox 480 2577 604 2658; x_wconf 83' lang='lat' dir='ltr'><strong>Angliae</strong></span> <span class='ocrx_word' id='word_1_113' title='bbox 619 2578 822 2640; x_wconf 88' lang='lat' dir='ltr'><strong>intercedatis</strong></span> <span class='ocrx_word' id='word_1_114' title='bbox 837 2577 878 2638; x_wconf 84' lang='lat' dir='ltr'><strong>ad</strong></span> <span class='ocrx_word' id='word_1_115' title='bbox 896 2579 1083 2656; x_wconf 88' lang='lat' dir='ltr'><strong>Dominum,</strong></span> <span class='ocrx_word' id='word_1_116' title='bbox 1098 2592 1255 2661; x_wconf 91' lang='lat' dir='ltr'><strong>quatenus</strong></span> <span class='ocrx_word' id='word_1_117' title='bbox 1271 2600 1344 2642; x_wconf 89' lang='lat' dir='ltr'><strong>eum</strong></span> 
     </span>
     <span class='ocr_line' id='line_1_18' title="bbox 395 2679 1346 2759; baseline 0.003 -20"><span class='ocrx_word' id='word_1_118' title='bbox 395 2679 485 2740; x_wconf 92' lang='lat' dir='ltr'><strong>Deus</strong></span> <span class='ocrx_word' id='word_1_119' title='bbox 504 2688 630 2741; x_wconf 89' lang='lat' dir='ltr'><strong>revocet</strong></span> <span class='ocrx_word' id='word_1_120' title='bbox 650 2680 690 2741; x_wconf 93' lang='lat' dir='ltr'><strong>ab</strong></span> <span class='ocrx_word' id='word_1_121' title='bbox 710 2679 770 2741; x_wconf 89' lang='lat' dir='ltr'><strong>hac</strong></span> <span class='ocrx_word' id='word_1_122' title='bbox 795 2699 943 2759; x_wconf 88' lang='lat' dir='ltr'><strong>pressura</strong></span> <span class='ocrx_word' id='word_1_123' title='bbox 965 2679 1135 2750; x_wconf 78' lang='lat' dir='ltr'><strong>Ecclesiae,</strong></span> <span class='ocrx_word' id='word_1_124' title='bbox 1154 2688 1186 2740; x_wconf 91' lang='lat' dir='ltr'><strong>et</strong></span> <span class='ocrx_word' id='word_1_125' title='bbox 1204 2689 1238 2740; x_wconf 90' lang='lat' dir='ltr'><strong>ut</strong></span> <span class='ocrx_word' id='word_1_126' title='bbox 1253 2681 1346 2742; x_wconf 85' lang='lat' dir='ltr'><strong>mise-</strong></span> 
     </span>
     <span class='ocr_line' id='line_1_19' title="bbox 392 2777 1343 2862; baseline -0.001 -22"><span class='ocrx_word' id='word_1_127' title='bbox 392 2790 476 2841; x_wconf 87' lang='lat' dir='ltr'><strong>rator</strong></span> <span class='ocrx_word' id='word_1_128' title='bbox 492 2780 661 2856; x_wconf 92' lang='lat' dir='ltr'><strong>Dominus,</strong></span> <span class='ocrx_word' id='word_1_129' title='bbox 677 2778 731 2862; x_wconf 90' lang='lat' dir='ltr'><strong>qui</strong></span> <span class='ocrx_word' id='word_1_130' title='bbox 750 2778 836 2840; x_wconf 91' lang='lat' dir='ltr'><strong>solus</strong></span> <span class='ocrx_word' id='word_1_131' title='bbox 857 2779 933 2841; x_wconf 88' lang='lat' dir='ltr'><strong>huic</strong></span> <span class='ocrx_word' id='word_1_132' title='bbox 955 2779 1065 2839; x_wconf 89' lang='lat' dir='ltr'><strong>morbo</strong></span> <span class='ocrx_word' id='word_1_133' title='bbox 1087 2777 1208 2840; x_wconf 90' lang='lat' dir='ltr'><strong>mederi</strong></span> <span class='ocrx_word' id='word_1_134' title='bbox 1227 2789 1343 2860; x_wconf 89' lang='lat' dir='ltr'><strong>potest,</strong></span> 
     </span>
     <span class='ocr_line' id='line_1_20' title="bbox 393 2880 1281 2963; baseline -0.003 -20"><span class='ocrx_word' id='word_1_135' title='bbox 393 2892 612 2963; x_wconf 88' lang='lat' dir='ltr'><strong>persecutores</strong></span> <span class='ocrx_word' id='word_1_136' title='bbox 628 2880 785 2943; x_wconf 71' lang='lat' dir='ltr'><strong>Ecclesiae</strong></span> <span class='ocrx_word' id='word_1_137' title='bbox 801 2891 857 2943; x_wconf 87' lang='lat' dir='ltr'><strong>aut</strong></span> <span class='ocrx_word' id='word_1_138' title='bbox 871 2891 1044 2958; x_wconf 82' lang='lat' dir='ltr'><strong>convertat,</strong></span> <span class='ocrx_word' id='word_1_139' title='bbox 1060 2893 1114 2942; x_wconf 89' lang='lat' dir='ltr'><strong>aut</strong></span> <span class='ocrx_word' id='word_1_140' title='bbox 1128 2890 1281 2942; x_wconf 87' lang='lat' dir='ltr'><strong>conterat.</strong></span> 
     </span>
    </p>
   </div>
   <div class='ocr_carea' id='block_1_3' title="bbox 457 3176 1265 3359">
    <p class='ocr_par' dir='ltr' id='par_1_3' title="bbox 457 3176 1265 3359">
     <span class='ocr_line' id='line_1_21' title="bbox 457 3176 1265 3240; baseline -0.002 -2"><span class='ocrx_word' id='word_1_141' title='bbox 457 3176 678 3240; x_wconf 85' lang='lat' dir='ltr'>EPISTOLA</span> <span class='ocrx_word' id='word_1_142' title='bbox 702 3177 958 3240; x_wconf 80' lang='lat' dir='ltr'><strong>CLXXII.-·nn</strong></span> <span class='ocrx_word' id='word_1_143' title='bbox 973 3194 1132 3239; x_wconf 76' lang='lat' dir='ltr'><strong>assarna</strong></span> <span class='ocrx_word' id='word_1_144' title='bbox 1150 3194 1265 3237; x_wconf 77' lang='lat' dir='ltr'><strong>sancrr</strong></span> 
     </span>
     <span class='ocr_line' id='line_1_22' title="bbox 653 3278 1085 3359; baseline -0.005 -19"><span class='ocrx_word' id='word_1_145' title='bbox 653 3297 816 3341; x_wconf 75' lang='lat' dir='ltr'><strong>munnam.</strong></span> <span class='ocrx_word' id='word_1_146' title='bbox 865 3280 910 3359; x_wconf 81' lang='lat' dir='ltr'><strong>[n.</strong></span> <span class='ocrx_word' id='word_1_147' title='bbox 926 3299 956 3340; x_wconf 89' lang='lat' dir='ltr'><strong>n.</strong></span> <span class='ocrx_word' id='word_1_148' title='bbox 977 3278 1085 3356; x_wconf 75' lang='lat' dir='ltr'><strong>lma]</strong></span> 
     </span>
    </p>
   </div>
   <div class='ocr_carea' id='block_1_4' title="bbox 666 3438 1074 3500">
    <p class='ocr_par' dir='ltr' id='par_1_4' title="bbox 666 3438 1074 3500">
     <span class='ocr_line' id='line_1_23' title="bbox 666 3438 1074 3500; baseline -0.005 0"><span class='ocrx_word' id='word_1_149' title='bbox 666 3438 777 3500; x_wconf 78' lang='lat' dir='ltr'><strong>Abbati</strong></span> <span class='ocrx_word' id='word_1_150' title='bbox 791 3440 898 3500; x_wconf 83' lang='lat' dir='ltr'><strong>sancti</strong></span> <span class='ocrx_word' id='word_1_151' title='bbox 913 3438 1074 3499; x_wconf 82' lang='lat' dir='ltr'><strong>Medardi.</strong></span> 
     </span>
    </p>
   </div>
   <div class='ocr_carea' id='block_1_5' title="bbox 436 3574 1342 3661">
    <p class='ocr_par' dir='ltr' id='par_1_5' title="bbox 436 3574 1342 3661">
     <span class='ocr_line' id='line_1_24' title="bbox 436 3574 1342 3661; baseline 0 -20"><span class='ocrx_word' id='word_1_152' title='bbox 436 3575 547 3643; x_wconf 74' lang='lat' dir='ltr'><strong>Causa</strong></span> <span class='ocrx_word' id='word_1_153' title='bbox 564 3574 683 3640; x_wconf 84' lang='lat' dir='ltr'><strong>Christi</strong></span> <span class='ocrx_word' id='word_1_154' title='bbox 705 3575 806 3640; x_wconf 82' lang='lat' dir='ltr'><strong>multa</strong></span> <span class='ocrx_word' id='word_1_155' title='bbox 823 3575 1100 3641; x_wconf 88' lang='lat' dir='ltr'><strong>commendatione</strong></span> <span class='ocrx_word' id='word_1_156' title='bbox 1123 3598 1187 3639; x_wconf 89' lang='lat' dir='ltr'><strong>non</strong></span> <span class='ocrx_word' id='word_1_157' title='bbox 1210 3576 1342 3661; x_wconf 86' lang='lat' dir='ltr'><strong>indiget,</strong></span> 
     </span>
    </p>
   </div>
   <div class='ocr_carea' id='block_1_6' title="bbox 293 3677 1341 3767">
    <p class='ocr_par' dir='ltr' id='par_1_6' title="bbox 293 3677 1341 3767">
     <span class='ocr_line' id='line_1_25' title="bbox 293 3677 1341 3767; baseline 0 -26"><span class='ocrx_word' id='word_1_158' title='bbox 293 3705 296 3712; x_wconf 92' lang='grc'>·</span> <span class='ocrx_word' id='word_1_159' title='bbox 390 3678 566 3762; x_wconf 88' lang='lat' dir='ltr'><strong>praesertim</strong></span> <span class='ocrx_word' id='word_1_160' title='bbox 581 3678 666 3763; x_wconf 86' lang='lat' dir='ltr'><strong>apud</strong></span> <span class='ocrx_word' id='word_1_161' title='bbox 683 3701 747 3757; x_wconf 90' lang='lat' dir='ltr'><strong>vos,</strong></span> <span class='ocrx_word' id='word_1_162' title='bbox 763 3678 870 3767; x_wconf 87' lang='lat' dir='ltr'><strong>quiet</strong></span> <span class='ocrx_word' id='word_1_163' title='bbox 891 3678 954 3764; x_wconf 83' lang='lat' dir='ltr'><strong>piae</strong></span> <span class='ocrx_word' id='word_1_164' title='bbox 976 3677 1153 3743; x_wconf 88' lang='lat' dir='ltr'><strong>devotionis</strong></span> <span class='ocrx_word' id='word_1_165' title='bbox 1174 3678 1341 3754; x_wconf 87' lang='lat' dir='ltr'><strong>famulatu,</strong></span> 
     </span>
    </p>
   </div>
   <div class='ocr_carea' id='block_1_7' title="bbox 388 3778 1343 4660">
    <p class='ocr_par' dir='ltr' id='par_1_7' title="bbox 388 3778 1343 4660">
     <span class='ocr_line' id='line_1_26' title="bbox 390 3778 1343 3856; baseline -0.001 -14"><span class='ocrx_word' id='word_1_166' title='bbox 390 3792 424 3842; x_wconf 91' lang='lat' dir='ltr'><strong>et</strong></span> <span class='ocrx_word' id='word_1_167' title='bbox 460 3794 640 3844; x_wconf 88' lang='lat' dir='ltr'><strong>sanctorum</strong></span> <span class='ocrx_word' id='word_1_168' title='bbox 679 3780 950 3843; x_wconf 88' lang='lat' dir='ltr'><strong>intercedentibus</strong></span> <span class='ocrx_word' id='word_1_169' title='bbox 988 3778 1121 3856; x_wconf 89' lang='lat' dir='ltr'><strong>meritis,</strong></span> <span class='ocrx_word' id='word_1_170' title='bbox 1159 3778 1343 3841; x_wconf 86' lang='lat' dir='ltr'><strong>desideratis</strong></span> 
     </span>
     <span class='ocr_line' id='line_1_27' title="bbox 391 3878 1343 3951; baseline -0.001 -9"><span class='ocrx_word' id='word_1_171' title='bbox 391 3879 516 3944; x_wconf 90' lang='lat' dir='ltr'><strong>Christo</strong></span> <span class='ocrx_word' id='word_1_172' title='bbox 543 3879 667 3944; x_wconf 90' lang='lat' dir='ltr'><strong>felicius</strong></span> <span class='ocrx_word' id='word_1_173' title='bbox 692 3879 918 3943; x_wconf 90' lang='lat' dir='ltr'><strong>commendari.</strong></span> <span class='ocrx_word' id='word_1_174' title='bbox 975 3878 1056 3951; x_wconf 86' lang='lat' dir='ltr'><strong>Quis</strong></span> <span class='ocrx_word' id='word_1_175' title='bbox 1081 3886 1188 3941; x_wconf 89' lang='lat' dir='ltr'><strong>autem</strong></span> <span class='ocrx_word' id='word_1_176' title='bbox 1216 3900 1343 3941; x_wconf 87' lang='lat' dir='ltr'><strong>causam</strong></span> 
     </span>
     <span class='ocr_line' id='line_1_28' title="bbox 391 3977 1343 4068; baseline 0.001 -25"><span class='ocrx_word' id='word_1_177' title='bbox 391 3994 570 4047; x_wconf 88' lang='lat' dir='ltr'><strong>sanctorum</strong></span> <span class='ocrx_word' id='word_1_178' title='bbox 583 4004 770 4068; x_wconf 89' lang='lat' dir='ltr'><strong>pauperum,</strong></span> <span class='ocrx_word' id='word_1_179' title='bbox 783 3981 823 4045; x_wconf 89' lang='lat' dir='ltr'><strong>de</strong></span> <span class='ocrx_word' id='word_1_180' title='bbox 838 3980 929 4043; x_wconf 89' lang='lat' dir='ltr'><strong>Valle</strong></span> <span class='ocrx_word' id='word_1_181' title='bbox 948 3979 1056 4043; x_wconf 90' lang='lat' dir='ltr'><strong>Sancti</strong></span> <span class='ocrx_word' id='word_1_182' title='bbox 1071 3977 1159 4042; x_wconf 89' lang='lat' dir='ltr'><strong>Petri</strong></span> <span class='ocrx_word' id='word_1_183' title='bbox 1171 4001 1238 4042; x_wconf 89' lang='lat' dir='ltr'><strong>esse</strong></span> <span class='ocrx_word' id='word_1_184' title='bbox 1250 3979 1343 4044; x_wconf 89' lang='lat' dir='ltr'><strong>dubi-</strong></span> 
     </span>
     <span class='ocr_line' id='line_1_29' title="bbox 390 4080 1342 4170; baseline 0.002 -26"><span class='ocrx_word' id='word_1_185' title='bbox 390 4093 436 4144; x_wconf 89' lang='lat' dir='ltr'><strong>tat</strong></span> <span class='ocrx_word' id='word_1_186' title='bbox 458 4104 584 4147; x_wconf 86' lang='lat' dir='ltr'><strong>causam</strong></span> <span class='ocrx_word' id='word_1_187' title='bbox 610 4083 751 4151; x_wconf 85' lang='lat' dir='ltr'><strong>Christi?</strong></span> <span class='ocrx_word' id='word_1_188' title='bbox 791 4083 862 4170; x_wconf 88' lang='lat' dir='ltr'><strong>quis</strong></span> <span class='ocrx_word' id='word_1_189' title='bbox 890 4104 1002 4148; x_wconf 88' lang='lat' dir='ltr'><strong>eorum</strong></span> <span class='ocrx_word' id='word_1_190' title='bbox 1032 4080 1268 4145; x_wconf 80' lang='lat' dir='ltr'><strong>contristatione</strong></span> <span class='ocrx_word' id='word_1_191' title='bbox 1291 4082 1342 4146; x_wconf 88' lang='lat' dir='ltr'><strong>vel</strong></span> 
     </span>
     <span class='ocr_line' id='line_1_30' title="bbox 388 4182 1341 4271; baseline 0.005 -27"><span class='ocrx_word' id='word_1_192' title='bbox 388 4183 601 4249; x_wconf 87' lang='lat' dir='ltr'><strong>consolatione</strong></span> <span class='ocrx_word' id='word_1_193' title='bbox 626 4186 787 4251; x_wconf 88' lang='lat' dir='ltr'><strong>Christum</strong></span> <span class='ocrx_word' id='word_1_194' title='bbox 815 4186 918 4271; x_wconf 90' lang='lat' dir='ltr'><strong>ipsum</strong></span> <span class='ocrx_word' id='word_1_195' title='bbox 949 4182 1127 4248; x_wconf 89' lang='lat' dir='ltr'><strong>contristari</strong></span> <span class='ocrx_word' id='word_1_196' title='bbox 1156 4183 1257 4247; x_wconf 87' lang='lat' dir='ltr'><strong>nescit</strong></span> <span class='ocrx_word' id='word_1_197' title='bbox 1285 4196 1341 4249; x_wconf 89' lang='lat' dir='ltr'><strong>aut</strong></span> 
     </span>
     <span class='ocr_line' id='line_1_31' title="bbox 389 4284 1340 4373; baseline 0.004 -26"><span class='ocrx_word' id='word_1_198' title='bbox 389 4284 555 4365; x_wconf 87' lang='lat' dir='ltr'><strong>consolari,</strong></span> <span class='ocrx_word' id='word_1_199' title='bbox 578 4286 637 4350; x_wconf 88' lang='lat' dir='ltr'><strong>nisi</strong></span> <span class='ocrx_word' id='word_1_200' title='bbox 659 4288 714 4373; x_wconf 91' lang='lat' dir='ltr'><strong>qui</strong></span> <span class='ocrx_word' id='word_1_201' title='bbox 736 4287 954 4373; x_wconf 86' lang='lat' dir='ltr'><strong>evangelicam</strong></span> <span class='ocrx_word' id='word_1_202' title='bbox 978 4286 1103 4372; x_wconf 86' lang='lat' dir='ltr'><strong>ignorat</strong></span> <span class='ocrx_word' id='word_1_203' title='bbox 1130 4284 1340 4370; x_wconf 87' lang='lat' dir='ltr'><strong>prophetiam,</strong></span> 
     </span>
     <span class='ocr_line' id='line_1_32' title="bbox 391 4385 1341 4474; baseline 0.002 -24"><span class='ocrx_word' id='word_1_204' title='bbox 391 4408 430 4450; x_wconf 86' lang='lat' dir='ltr'><strong>ex</strong></span> <span class='ocrx_word' id='word_1_205' title='bbox 464 4385 555 4469; x_wconf 87' lang='lat' dir='ltr'><strong>cnjus</strong></span> <span class='ocrx_word' id='word_1_206' title='bbox 583 4386 715 4451; x_wconf 80' lang='lat' dir='ltr'><strong>veritate</strong></span> <span class='ocrx_word' id='word_1_207' title='bbox 754 4391 945 4455; x_wconf 87' lang='lat' dir='ltr'><strong>sententiam</strong></span> <span class='ocrx_word' id='word_1_208' title='bbox 984 4390 1123 4474; x_wconf 84' lang='lat' dir='ltr'><strong>proferet</strong></span> <span class='ocrx_word' id='word_1_209' title='bbox 1150 4386 1183 4451; x_wconf 90' lang='lat' dir='ltr'><strong>in</strong></span> <span class='ocrx_word' id='word_1_210' title='bbox 1218 4387 1341 4472; x_wconf 88' lang='lat' dir='ltr'><strong>jndicio</strong></span> 
     </span>
     <span class='ocr_line' id='line_1_33' title="bbox 390 4487 1340 4575; baseline -0.003 -20"><span class='ocrx_word' id='word_1_211' title='bbox 390 4487 546 4569; x_wconf 86' lang='lat' dir='ltr'><strong>Christus,</strong></span> <span class='ocrx_word' id='word_1_212' title='bbox 561 4488 595 4552; x_wconf 93' lang='lat' dir='ltr'><strong>in</strong></span> <span class='ocrx_word' id='word_1_213' title='bbox 618 4489 882 4555; x_wconf 86' lang='lat' dir='ltr'><strong>condemnatione</strong></span> <span class='ocrx_word' id='word_1_214' title='bbox 905 4490 1088 4575; x_wconf 88' lang='lat' dir='ltr'><strong>impiorum,</strong></span> <span class='ocrx_word' id='word_1_215' title='bbox 1103 4500 1136 4553; x_wconf 88' lang='lat' dir='ltr'><strong>et</strong></span> <span class='ocrx_word' id='word_1_216' title='bbox 1157 4488 1340 4572; x_wconf 85' lang='lat' dir='ltr'><strong>praeelecto-</strong></span> 
     </span>
     <span class='ocr_line' id='line_1_34' title="bbox 433 4612 875 4660; baseline 0 -4"><span class='ocrx_word' id='word_1_217' title='bbox 433 4614 502 4660; x_wconf 77' lang='lat' dir='ltr'><strong>voa.</strong></span> <span class='ocrx_word' id='word_1_218' title='bbox 522 4612 543 4657; x_wconf 89' lang='lat'><strong>1.</strong></span> <span class='ocrx_word' id='word_1_219' title='bbox 855 4614 875 4656; x_wconf 84' lang='lat' dir='ltr'><strong>r</strong></span> 
     </span>
    </p>
   </div>
   <div class='ocr_carea' id='block_1_8' title="bbox 0 0 1942 5725">
    <p class='ocr_par' dir='ltr' id='par_1_8' title="bbox 0 0 1942 5725">
     <span class='ocr_line' id='line_1_35' title="bbox 0 0 1942 5725; baseline 0 1"><span class='ocrx_word' id='word_1_220' title='bbox 0 0 1942 5725; x_wconf 95' lang='lat' dir='ltr'><strong> </strong></span> 
     </span>
    </p>
   </div>
  </div>
 </body>
</html>
