3875 5725
497 802 539 859 tt
753 813 889 858 soannrs
905 813 1184 860 sausssmansrs
1356 792 1404 879 [Δ.
1423 819 1458 865 n.

496 962 723 1049 archiepiscopi
747 966 792 1028 eis
816 962 856 1027 de
881 963 1019 1028 ecclesiis
1047 964 1080 1028 iu
1106 965 1324 1031 testimonium
1350 967 1456 1033 dous,

497 1065 590 1129 tionis
611 1064 807 1142 collocatam,
830 1066 1003 1130 auctoritas
1026 1065 1147 1131 Calixti
1169 1089 1272 1154 papas,
1288 1068 1345 1153 qui
1370 1082 1454 1135 tnnc

495 1165 646 1253 temporis
660 1181 777 1232 sanctae
787 1170 940 1233 Romanae
951 1167 1090 1233 ecclesiae
1100 1167 1235 1235 feliciter
1243 1169 1454 1257 presidebat,

494 1289 553 1331 suo
581 1267 747 1355 privilegio
784 1269 917 1356 dignum
954 1269 1050 1336 duxit
1079 1270 1238 1337 roborare.
1298 1272 1450 1339 Genibus

493 1370 604 1455 itaque
618 1371 793 1458 majestatis
809 1387 922 1436 vestrae
943 1371 1117 1458 provoluti,
1133 1394 1193 1459 pro
1211 1373 1367 1439 fratribus
1377 1375 1449 1460 jam

493 1470 588 1538 dicta
609 1472 747 1538 ecclesiae
768 1485 799 1538 et
822 1496 895 1539 cum
916 1473 962 1537 eis
980 1473 1198 1559 supplicamus
1218 1474 1386 1552 attentius,
1409 1488 1447 1541 ut

493 1573 640 1639 abbatem
671 1573 798 1639 illorum
828 1575 868 1638 ad
895 1575 1052 1641 auxilium
1079 1574 1303 1643 misericordia
1328 1587 1447 1641 vestrae

492 1674 728 1760 confugientem
750 1677 898 1761 benigne,
919 1678 945 1739 si
968 1675 1084 1761 placet,
1099 1675 1287 1754 admittatis,
1301 1690 1334 1741 et
1354 1676 1447 1762 quod

494 1775 615 1840 tamdiu
632 1775 852 1862 possederunt,
868 1776 1057 1840 auctoritate
1071 1776 1244 1861 apostolica
1258 1777 1447 1842 roboratum

492 1877 532 1941 de
547 1890 662 1943 caetero
677 1878 785 1964 quiete
805 1878 999 1963 possideant,
1016 1890 1052 1942 ut
1067 1877 1265 1944 orationibus
1279 1900 1318 1942 ex
1333 1876 1446 1942 debito

493 2001 552 2065 pro
581 1983 726 2044 Romano
755 1977 905 2063 pontifice
930 1976 1083 2043 faciendis
1111 1978 1282 2064 expeditis,
1307 1977 1446 2064 negotiis

493 2081 559 2144 suis
574 2080 716 2156 liberius,
732 2093 763 2144 et
779 2079 985 2144 affectuosius
999 2079 1124 2146 valeant
1138 2079 1312 2166 invigilare.
1344 2078 1447 2144 Char·

494 2193 542 2244 tas
558 2192 678 2255 autem,
693 2202 830 2265 quarum
852 2180 1004 2266 rescripta
1018 2181 1110 2246 vobis
1130 2181 1255 2267 signata
1275 2181 1444 2255 mittimus,

493 2280 641 2358 vidimus,
657 2282 805 2345 manibus
820 2281 936 2346 nostris
951 2282 1167 2348 tractavimus.

682 2478 905 2542 EPISTOLA
926 2479 1087 2542 XL-an
1102 2497 1255 2544 sunnnu.

807 2603 992 2668 Alenondro
1007 2605 1122 2687 Papoe.

533 2732 638 2804 Quum
649 2728 732 2795 inter
741 2727 893 2793 moniales
904 2727 945 2793 de
957 2728 1070 2793 Gisam
1086 2742 1118 2794 et
1135 2733 1174 2796 B.
1184 2727 1442 2794 archidiaconum

490 2831 724 2900 Norwicensem
744 2854 840 2918 super
859 2829 989 2897 ecclesia
1011 2829 1052 2896 de
1073 2831 1211 2897 Nenton.
1227 2831 1442 2897 controversia

489 2950 649 3023 ageretur,
661 2936 865 3001 Baldewinus
877 2935 909 2998 in
921 2932 1053 2998 modum
1063 2932 1258 3019 exceptionis
1269 2932 1438 3010 bonorum,

490 3061 562 3122 quae
582 3038 643 3101 sibi
664 3060 683 3100 a
705 3036 894 3101 monialibus
912 3033 1019 3098 ablata
1039 3034 1177 3113 dicebat,
1191 3033 1437 3110 restitutionem,
1526 3087 1528 3090 ,

488 3151 659 3223 antequam
672 3137 713 3200 ad
728 3158 854 3202 causam
870 3134 1076 3220 principalem
1092 3135 1285 3213 accederem,
1295 3134 1355 3200 sibi
1369 3134 1439 3199 fieri

488 3237 673 3322 postulavit.
718 3236 768 3300 Ad
793 3236 860 3299 haec
883 3235 1067 3301 monialium
1091 3251 1324 3324 procuratores,
1341 3235 1439 3301 eccle-

489 3338 565 3402 siam
581 3361 670 3402 suam
687 3362 706 3403 a
722 3337 905 3404 Baldewino
920 3360 1004 3424 saepe
1018 3339 1193 3426 plurimum
1211 3338 1329 3424 injuste
1344 3361 1439 3403 vexa-

488 3459 551 3505 tam
568 3441 792 3527 querebantur,
806 3453 839 3504 et
855 3463 887 3503 se
902 3439 1177 3526 tergiversationes
1195 3442 1266 3527 ejus
1281 3440 1438 3505 sustinere

487 3564 550 3605 non
565 3565 667 3628 posse,
684 3566 783 3630 quum
806 3541 876 3606 illas
895 3540 927 3604 in
949 3542 1097 3627 partibus
1112 3540 1177 3607 suis
1199 3540 1437 3628 deprehendere

486 3668 579 3710 nemo
605 3645 748 3711 sufficiat.
800 3645 879 3711 Ideo
901 3643 943 3707 ad
965 3644 1074 3711 sedem
1100 3641 1305 3731 apostolicam
1330 3642 1436 3729 ipsum

486 3750 739 3836 appellaverunt,
750 3748 834 3814 diem
850 3744 1054 3832 praefigentes
1066 3744 1318 3832 purificationem
1334 3744 1438 3808 beatoe

486 3850 626 3934 Virginis
641 3850 764 3916 Marias.

663 4063 885 4147 EPISTOLA
908 4066 1089 4128 XLl.-an
1104 4079 1256 4125 sunnam.

802 4188 989 4251 Alemondro
1005 4190 1117 4269 Papo.

527 4313 694 4376 Eccnnsm
724 4308 915 4372 Morinensis
950 4310 999 4374 his
1032 4311 1089 4395 qui
1126 4333 1194 4374 eam
1233 4310 1436 4394 impugnant,

484 4425 592 4475 sancto
616 4408 764 4495 episcopo
792 4409 925 4484 Milone,
950 4424 1042 4496 patre
1071 4412 1204 4498 optimo,
1233 4409 1433 4486 destitutam,
