3875 5725
551 853 610 912 too
809 866 946 911 roanms
963 866 1242 911 sanasamnassrs
1405 849 1453 924 [A.
1470 869 1502 912 o.
1551 919 1555 926 ⁸

547 1017 685 1081 Domino
700 1041 803 1105 spero,
821 1017 893 1079 licet
909 1017 968 1080 hoc
985 1040 1104 1080 moram
1121 1017 1247 1094 habeat,
1258 1018 1336 1102 quia
1352 1041 1497 1105 compre-

545 1119 703 1184 hendetur
717 1119 749 1184 in
765 1118 916 1206 operibus
932 1140 1083 1182 manuum
1097 1141 1239 1182 suarum.
1269 1120 1378 1182 Fratri
1393 1133 1501 1185 autem

544 1221 602 1307 qui
625 1244 698 1285 cnm
721 1246 758 1286 eo
782 1234 922 1296 venerat,
948 1235 1081 1284 eventus
1111 1221 1229 1304 negotii
1257 1222 1411 1306 imputari
1436 1247 1498 1287 non

543 1322 651 1402 debet,
674 1328 825 1411 quoniam
848 1345 889 1386 ex
908 1321 1172 1408 contingentibus
1195 1322 1274 1385 nihil
1300 1324 1418 1400 omisit,
1444 1329 1499 1390 sed

544 1428 621 1491 satis
635 1427 803 1512 vigilanter
824 1426 952 1501 institit,
967 1424 1068 1488 donec
1088 1425 1129 1504 ei,
1144 1439 1274 1509 accepta
1293 1428 1500 1510 corporaliter

494 1580 498 1587 .
545 1528 669 1592 comitis
698 1528 910 1616 responsione,
937 1539 1096 1591 constaret
1123 1547 1156 1588 se
1182 1526 1303 1590 frustra
1332 1527 1499 1594 laborasse.

547 1630 621 1693 Hoc
640 1630 723 1693 enim
747 1652 766 1693 a
787 1630 869 1693 festo
890 1628 975 1692 beati
998 1629 1138 1712 Remigii
1159 1651 1344 1713 responsum
1367 1633 1497 1717 accepit.

547 1730 877 1808 Exinde‚sicutvobis
887 1729 1049 1815 scripsisse
1060 1752 1109 1792 me
1120 1729 1497 1815 memini,aliquantulam

546 1855 667 1897 moram
677 1834 764 1908 fecit,
773 1846 808 1896 ut
818 1830 945 1909 amicos,
954 1853 1035 1917 quos
1045 1831 1184 1894 nondum
1197 1831 1331 1908 viderat,
1340 1834 1496 1899 visitaret:

546 1934 641 2000 rediit
657 1937 794 1999 tandem.
836 1934 868 1996 si
888 1932 1064 2018 patrocinio
1078 1934 1202 2017 indiget
1217 1935 1328 2010 alieno,
1345 1953 1377 1999 et
1393 1959 1498 2001 meum

544 2036 624 2122 quid
639 2049 755 2122 potest,
770 2056 879 2118 quaeso
895 2048 930 2097 ut
948 2056 1023 2096 oum
1045 2047 1177 2119 paterno
1193 2036 1352 2121 recipiatis
1367 2038 1496 2115 affectu,

546 2135 1499 2222 eteatractetismansuetudine‚quammoribusejusnovistis

544 2239 703 2325 expedire.
742 2241 794 2300 An
812 2238 885 2322 plus
901 2260 991 2300 orare
1008 2238 1112 2314 liceat,
1124 2252 1181 2303 aut
1196 2240 1359 2325 expediat,
1372 2242 1498 2327 plenius

544 2339 651 2405 nostis,
698 2339 770 2403 Scio
791 2339 902 2424 utique
924 2338 1003 2424 quia
1026 2340 1083 2424 qui
1107 2363 1162 2403 vos
1186 2340 1377 2407 familiarius
1400 2344 1498 2419 novit,

543 2462 608 2503 rem
625 2441 802 2526 improbam
818 2455 874 2504 aut
891 2455 998 2525 petere
1014 2463 1075 2503 non
1097 2441 1207 2518 audet,
1223 2455 1279 2506 aut
1295 2444 1497 2530 impudenter

544 2544 634 2628 petit.
690 2545 762 2606 Hoc
788 2543 898 2628 itaque
925 2543 1015 2605 vobis
1041 2544 1198 2607 ascribere
1228 2545 1355 2611 fidelius
1385 2548 1497 2624 ausim,

544 2669 641 2732 quam
674 2647 785 2710 Portio
815 2648 931 2711 Catoni
960 2646 1108 2711 familiari
1140 2671 1199 2712 suo
1229 2650 1343 2715 Cicero
1371 2652 1495 2736 pridem

545 2748 733 2834 ascripserit.
758 2748 859 2812 Mitto
869 2749 1084 2813 vobismnnus
1094 2750 1250 2834 exiguum
1261 2752 1497 2834 eofiducialius‚

545 2850 634 2936 quod
649 2851 689 2915 ab
705 2850 838 2937 antiquo
849 2849 945 2914 didici
958 2874 1014 2914 vos
1029 2851 1062 2915 in
1078 2852 1197 2917 talibus
1212 2877 1273 2918 non
1290 2869 1354 2920 tam
1369 2879 1497 2942 pensare

546 2955 685 3040 pretium
712 2954 851 3018 muneris
876 2977 972 3041 quam
1000 2955 1157 3020 mittentis
1183 2958 1340 3023 affectum.
1386 2961 1497 3024 Minus

547 3070 651 3120 tamen
667 3072 713 3121 est
731 3059 913 3142 acceptione
928 3056 1074 3140 dignum,
1091 3058 1117 3121 si
1133 3070 1237 3122 tamen
1253 3081 1325 3123 cum
1341 3060 1497 3126 mittentis

546 3164 660 3223 affectu
684 3159 872 3241 significatio
891 3160 1032 3222 muneris
1052 3160 1246 3224 attendatur.
1292 3164 1365 3226 Hoc
1386 3164 1497 3249 utique

547 3282 603 3322 vas
632 3260 780 3324 salarium
812 3275 861 3325 est
891 3276 1076 3345 argenteum
1109 3283 1218 3325 aureas
1247 3263 1368 3326 habens
1397 3277 1497 3327 notas.

546 3365 647 3426 Recte
667 3362 809 3447 quidem,
835 3361 981 3449 eoquod
1009 3362 1092 3426 illius
1115 3362 1189 3425 salis
1215 3363 1341 3427 habetis
1362 3364 1497 3448 copiam,

545 3460 633 3547 quod
664 3483 703 3523 ex
731 3476 892 3546 praerepto
918 3462 997 3545 legis
1023 3459 1244 3525 sacrificiorum
1276 3475 1323 3525 est
1353 3461 1498 3525 omnium

544 3562 793 3626 condimentum.
819 3563 880 3626 Sed
893 3578 924 3627 et
936 3562 1016 3627 illud
1029 3561 1166 3626 Domino
1180 3561 1301 3626 offertis
1317 3563 1497 3627 examinato

544 3663 662 3750 eloquii
684 3665 763 3728 casti
784 3679 927 3748 argento,
943 3678 974 3729 et
998 3687 1102 3730 aureae
1117 3664 1272 3728 virtutum
1295 3665 1449 3749 imagines
1464 3666 1497 3730 in

544 3768 674 3852 speculo
697 3765 785 3832 verbi
805 3783 836 3830 et
857 3769 962 3854 operis
985 3768 1128 3833 renident
1152 3766 1360 3844 intuentibus,
1382 3790 1501 3854 eosque

544 3883 730 3954 provocant,
745 3883 781 3935 ut
795 3871 974 3933 imitatione
989 3872 1148 3935 virtutum
1170 3870 1291 3956 possint
1306 3892 1373 3933 esse
1389 3892 1499 3955 specu-

544 3970 611 4034 lum
638 3972 782 4036 aliorum.
839 3971 902 4036 Sed
928 3987 959 4035 et
987 3971 1057 4058 ipsa
1082 3972 1263 4036 rotunditas
1288 3971 1399 4037 formae
1427 3995 1500 4035 con-

543 4074 632 4158 gruit
648 4073 834 4157 perfectioni
851 4087 974 4137 vestrae.
999 4074 1109 4137 Nostis
1125 4085 1232 4137 autem
1249 4074 1326 4160 quia
1341 4096 1499 4137 sacrarum

544 4192 651 4235 rerum
681 4170 770 4251 signa
795 4168 987 4233 venerabilia
1014 4184 1088 4232 sunt
1115 4184 1147 4234 et
1173 4171 1203 4231 in
1233 4172 1365 4236 materia
1387 4171 1498 4237 viliori.

546 4275 620 4359 Ego
639 4284 745 4335 autem
768 4270 904 4333 arbitror
927 4271 1014 4353 quod
1038 4285 1070 4333 et
1092 4270 1118 4333 si
1141 4294 1258 4337 munus
1273 4274 1436 4339 vilesceret
1457 4275 1498 4337 ab

546 4373 751 4441 aestimatione
762 4372 822 4451 sui,
832 4371 1031 4437 convalescet
1041 4385 1147 4437 tamen
1159 4375 1263 4458 gratia
1273 4376 1354 4461 ejus,
1366 4377 1500 4463 eoquod

539 4502 647 4543 meam
663 4476 823 4541 caritatem
840 4488 871 4538 et
887 4488 1024 4539 vestram
1040 4498 1112 4539 cum
1135 4476 1292 4563 sapientia
1307 4478 1498 4564 significant,
