3875 5725
505 860 546 917 36
767 872 902 916 scannia
919 869 1193 916 sattnsustususts
1366 854 1414 936 [s.
1435 877 1465 919 u.

505 1044 609 1107 opem,
625 1022 802 1109 exploravit
817 1022 924 1099 fldem,
938 1021 1071 1108 aliisque
1086 1020 1145 1084 sibi
1170 1041 1229 1107 pro
1250 1021 1385 1086 modulo
1401 1046 1466 1087 suo

504 1123 734 1199 assistentibus,
744 1124 949 1188 solusiaciem
960 1121 1116 1186 avertistis
1125 1125 1157 1186 in
1166 1121 1313 1187 diebelli.
1347 1124 1464 1200 Qutrm

503 1244 581 1310 ergo
591 1223 679 1310 apud
691 1247 748 1289 vos
759 1224 808 1288 sui
820 1246 929 1287 omnes
941 1221 1099 1309 repulsam
1115 1236 1313 1308 paterentur,
1326 1223 1461 1288 tandem

493 1324 615 1408 ipsein
630 1325 760 1411 propria
774 1344 910 1409 persona
921 1322 1062 1399 accessit,
1075 1321 1131 1385 scel
1147 1343 1210 1386 non
1225 1337 1273 1387 est
1284 1323 1461 1389 exauditus

502 1447 562 1509 pro
577 1426 750 1490 reverentia
762 1448 828 1489 sua.
864 1423 1021 1488 Noluistis
1031 1423 1115 1487 enim
1129 1423 1257 1486 differre
1272 1423 1459 1512 prandium,

503 1524 580 1589 dum
596 1528 744 1592 instantis
764 1549 880 1613 pugnoe
897 1525 1047 1590 videretis
1062 1537 1221 1590 eventum.
1268 1526 1369 1588 Porro
1392 1525 1457 1589 dis-

502 1626 639 1713 cipulus,
666 1628 721 1713 qui
751 1627 926 1691 Dominum
957 1647 1030 1689 eum
1056 1628 1242 1713 juramento
1271 1639 1455 1711 negaverat,

500 1743 636 1814 urgente
666 1730 812 1806 caritate,
836 1728 1011 1792 Dominum
1042 1728 1237 1813 sequebatur
1266 1741 1303 1791 ut
1329 1726 1454 1792 videret

500 1808 623 1895 finemi
652 1832 716 1895 Vos
738 1843 844 1894 autem
867 1827 1039 1893 accessistis
1054 1826 1093 1890 ad
1119 1849 1271 1904 mensam,
1286 1828 1366 1891 dum
1386 1826 1453 1900 illc,

498 1933 550 1996 cui
577 1933 813 2017 promittebatis
838 1933 954 1993 amoris
979 1930 1180 2015 obsequium,
1204 1930 1385 1994 traheretur
1412 1929 1452 1991 ud

494 2056 635 2101 crucem.
682 2034 744 2097 llis
759 2055 832 2095 vero
855 2030 895 2093 de
918 2032 1022 2096 causis
1036 2031 1172 2096 credidit
1189 2054 1242 2096 vos
1265 2031 1351 2096 illius
1376 2053 1452 2096 con-

496 2148 639 2197 temnere
654 2133 853 2209 beneficium,
870 2133 921 2196 cui
938 2133 969 2196 in
993 2144 1082 2197 tanta
1103 2133 1285 2199 necessitate
1305 2133 1453 2199 noluistis

497 2251 650 2320 praestare
672 2235 860 2300 subsidium.
905 2239 979 2321 Ego
994 2257 1068 2298 vero
1090 2236 1167 2300 istas
1190 2249 1222 2299 et
1244 2235 1321 2300 alias
1345 2234 1452 2322 objec-

499 2337 600 2400 tiones
623 2339 704 2422 ejus‚
727 2339 784 2401 etsi
809 2337 887 2402 mihi
909 2335 1023 2400 validae
1046 2336 1243 2417 viderentur,
1266 2339 1355 2424 quasi
1379 2362 1451 2402 nra·

496 2461 628 2501 nearum
652 2440 704 2502 fila
729 2439 869 2514 dissolvi,
894 2453 925 2501 et
950 2438 1076 2502 tandem
1102 2437 1222 2503 homini
1247 2438 1388 2525 persuasi
1414 2454 1450 2505 ut

497 2563 553 2605 vos
576 2541 658 2606 inter
679 2541 889 2616 fidelissimos,
910 2554 940 2605 et
965 2539 1171 2605 amicissimos
1193 2551 1330 2627 reputet.
1375 2541 1449 2608 Scio

495 2641 577 2706 enim
591 2624 784 2729 quod'iuxta
793 2625 922 2706 verbum
936 2664 1040 2705 meum
1054 2663 1181 2726 operam
1194 2639 1322 2718 dabitis,
1331 2653 1364 2707 et
1375 2642 1448 2708 dili-

495 2745 647 2829 gentiam,
665 2759 700 2810 ut
716 2767 776 2831 ope
792 2756 897 2808 vestra
921 2757 1012 2808 tutus
1034 2742 1074 2807 sit
1102 2742 1144 2806 ab
1165 2741 1352 2807 aemulorum
1376 2766 1448 2809 suo·

493 2870 565 2914 rum
581 2848 712 2916 insidiis.
760 2846 933 2933 Sexaginta
955 2845 1082 2922 solidos,
1101 2867 1182 2932 quos
1203 2845 1245 2910 ab
1266 2869 1304 2909 eo
1324 2848 1446 2934 accepi,

493 2953 611 3017 tradidi
629 2929 671 3015 A?
686 2966 801 3028 vestro,
818 2974 912 3037 quem
931 2947 1099 3034 oportebat
1118 2909 1446 3028 resurai'ilistrahere,

492 3058 518 3118 si
542 3055 726 3118 clericorum
751 3067 926 3116 vestrorum
952 3050 1047 3113 vellet
1074 3049 1229 3136 impedire
1255 3049 1443 3116 clamorem:

492 3175 533 3220 an
541 3154 759 3228 benefecerim,
770 3152 957 3215 rescribetis.
989 3156 1148 3216 Praeterea
1158 3151 1295 3238 qualiter
1308 3175 1356 3214 me
1370 3174 1446 3216 cum

491 3254 620 3319 domino
650 3253 770 3317 Eliensi
799 3252 917 3315 versari
944 3267 1101 3339 oporteat,
1128 3252 1309 3326 rescribite3
1344 3275 1384 3318 an
1412 3255 1443 3318 in

491 3356 631 3442 pondere
642 3380 682 3419 an
697 3356 770 3441 puri
782 3357 905 3439 argenti
922 3355 1087 3441 pecuniam
1105 3356 1231 3441 exigere
1243 3356 1383 3419 debeam.
1416 3357 1444 3420 A

490 3455 581 3521 vobis
590 3480 726 3544 namque
735 3471 766 3522 et
775 3480 838 3521 non
848 3456 1171 3521 aliundemandatum
1182 3455 1297 3542 accepi.
1313 3457 1446 3521 Transii

489 3561 572 3624 enim
594 3560 660 3623 fere
681 3582 746 3622 rem
767 3559 894 3622 omnino
916 3582 979 3621 non
999 3560 1264 3643 praetereundam‚
1279 3581 1381 3645 quum
1402 3559 1444 3624 ad

488 3661 736 3727 incolumitatem
757 3661 885 3725 honoris
904 3676 935 3724 et
959 3659 1109 3723 utilitatis
1132 3673 1246 3724 vestrae
1266 3660 1442 3746 plurimum

489 3769 687 3849 spectaverit.
732 3767 765 3829 Si
781 3765 929 3829 dominus
948 3763 1156 3825 Eboracensis
1171 3785 1277 3847 regem
1293 3783 1444 3827 coronare

488 3868 538 3931 vel
560 3868 683 3953 aliquid
709 3867 797 3931 aliud
823 3865 977 3928 adversus
1000 3863 1160 3926 ecclesiam
1187 3863 1374 3929 temeritatis
1395 3865 1445 3929 in·

488 3967 604 4029 stinctu
617 3968 720 4030 moliri
731 3967 900 4031 tentaverit
909 3967 940 4028 in
953 3965 1114 4050 provincia
1124 3977 1241 4044 nostra,
1250 3963 1349 4029 nolite
1357 3988 1443 4029 com·
1525 4003 1531 4014 ι

487 4070 647 4129 municare
670 4068 727 4142 illi,
743 4067 797 4129 sed
819 4089 932 4129 ausum
956 4066 1130 4151 reprimite,
1153 4066 1230 4151 quia
1251 4066 1442 4151 injuriarum

485 4178 665 4231 nostrarum
676 4167 818 4229 ultorest
828 4169 987 4229 Dominus
997 4167 1155 4231 ultionum
1165 4166 1443 4232 cantuariensium

485 4273 591 4333 Deus:
616 4267 640 4329 si
657 4279 761 4329 tamen
784 4288 840 4329 vos
859 4268 1060 4352 aquilonares
1083 4248 1295 4333 sedelinostra
1310 4268 1391 4332 taesit
1411 4267 1445 4329 in

483 4373 601 4458 aliquo,
617 4367 794 4432 satisfacere
815 4368 955 4452 prompti
981 4391 1101 4446 sumus,
1118 4370 1194 4433 dum
1213 4382 1318 4433 tamen
1334 4391 1451 4452 grave.

484 4475 560 4538 mini
573 4473 737 4557 nobiscum
754 4468 909 4532 calculum
928 4491 1054 4554 ponere.
