3875 5725
534 869 622 950 ‚322
825 882 963 928 romnis
979 880 1262 927 SARESBERIENSIS
1420 865 1467 945 [a.
1485 885 1517 928 n.

563 1043 597 1098 et
611 1035 666 1118 qui
680 1033 766 1098 fratri
781 1034 904 1098 foveam
925 1043 1025 1116 parat,
1039 1034 1156 1100 incidit
1170 1036 1204 1096 in
1227 1056 1298 1098 eam
1321 1036 1422 1118 prior.
1468 1037 1519 1099 An

564 1155 631 1198 non
661 1136 850 1199 meministis
885 1134 1059 1217 Scripturae
1094 1136 1240 1215 dicentis,
1271 1136 1350 1220 quia
1385 1137 1522 1219 Semper

554 1239 674 1317 jurgia
688 1239 805 1320 quaerr't
820 1239 937 1314 malus,
949 1239 1085 1317 anqeta
1096 1245 1207 1299 autem
1219 1237 1359 1300 crudetis
1370 1238 1523 1304 mittetur

564 1349 678 1402 contra
693 1336 798 1400 eum?

609 1440 689 1502 Misi
703 1440 824 1502 litteras
837 1449 956 1502 vestras
973 1439 1105 1502 domino
1121 1438 1357 1518 cantuariensi,
1371 1442 1430 1505 sed
1448 1443 1523 1527 quia

567 1541 720 1604 nunciam
746 1551 882 1602 vestrum
907 1539 991 1602 ultra
1015 1539 1132 1602 festum
1162 1541 1266 1603 sancti
1290 1540 1431 1623 Remigii
1455 1564 1521 1605 non

567 1641 659 1725 potui
681 1640 826 1718 retinere,
847 1659 1038 1723 responsum
1060 1641 1131 1724 ejus
1152 1642 1297 1705 nondum
1322 1663 1520 1726 acceperam.

568 1741 700 1806 Certum
715 1740 845 1825 quidem
860 1750 908 1802 est
922 1739 1011 1824 quod
1025 1740 1219 1805 officiositati
1237 1753 1349 1806 vestra
1370 1744 1521 1826 plurimas

568 1843 665 1908 babet
684 1843 810 1925 gratias,
826 1863 905 1924 quas
920 1853 952 1904 et
966 1854 1049 1924 aget,
1065 1854 1193 1906 auctore
1216 1844 1372 1922 Domino,
1386 1857 1520 1930 accepto

568 1956 711 2028 tempore
741 1954 929 2027 opportuno.
990 1946 1065 2008 Hoc
1097 1956 1203 2009 autem
1235 1945 1276 2008 de
1305 1955 1390 2010 statu
1419 1948 1520 2030 ipsius

566 2047 662 2110 nobis
681 2047 899 2109 indubitanter
920 2056 1054 2125 constet,
1070 2045 1221 2131 quoniam
1244 2049 1346 2130 pluris
1368 2049 1520 2133 estquod

566 2149 601 2211 in
616 2148 784 2211 virtutibus
798 2157 831 2210 et
844 2148 956 2210 litteris
972 2146 1153 2231 acquisivit,
1168 2168 1266 2231 quam
1284 2150 1373 2232 quod
1387 2151 1417 2212 ei
1440 2151 1520 2232 regis

568 2258 600 2312 et
624 2248 865 2328 malignantium
896 2248 957 2310 sibi
984 2249 1119 2310 extorsit
1143 2249 1340 2332 improbitas.
1395 2250 1519 2316 Confir-

566 2356 671 2411 matus
701 2359 749 2410 est
779 2349 809 2410 ei
839 2350 880 2410 de
909 2370 994 2412 novo
1023 2350 1188 2432 primatus,
1218 2363 1251 2415 et
1278 2353 1519 2438 archiepiscopo

566 2448 764 2511 Eboracensi
790 2446 971 2528 injunctum
1001 2460 1037 2511 ut
1065 2470 1138 2511 eum
1168 2463 1324 2532 agnoscat
1352 2454 1519 2537 primatem

566 2569 660 2610 suum
684 2545 880 2608 exhibitione
905 2546 1107 2612 obedientiae.
1154 2550 1246 2614 Idem
1269 2563 1371 2616 estet
1395 2555 1519 2635 legatus

565 2649 664 2712 totius
689 2647 814 2728 Angliae
844 2658 986 2729 excepto
1013 2650 1201 2732 episcopatu
1226 2654 1439 2729 Eboracensi,
1464 2656 1518 2739 qui

564 2753 639 2815 ideo
664 2750 792 2813 interim
817 2750 892 2813 huic
923 2762 1040 2813 nostrae
1064 2752 1284 2836 jurisdictioni
1315 2758 1519 2833 subtrahitur,

566 2853 642 2937 quia
663 2850 923 2935 archiepiscopus
945 2851 1162 2916 Eboracensis
1183 2856 1306 2937 legatus
1321 2868 1370 2920 est
1392 2858 1520 2937 Scotiae,

566 2976 625 3018 nec
642 2955 724 3017 solet
739 2953 888 3015 Ecclesia
903 2952 1051 3016 Romana
1068 2954 1206 3038 alicujus
1220 2957 1318 3039 legati
1337 2958 1519 3023 Ecclesiam

565 3066 706 3138 tempore
737 3054 906 3134 legationis
934 3053 1078 3131 indultae,
1109 3057 1199 3119 alteri
1230 3060 1333 3139 legato
1363 3061 1520 3144 subjicere

565 3159 686 3222 ratione
708 3155 895 3238 legationis:
928 3155 1060 3219 seduco
1077 3158 1236 3222 subtrahit
1251 3161 1391 3243 quidem,
1406 3163 1433 3227 si
1455 3164 1518 3228 alio

560 3262 632 3343 jure
648 3258 793 3342 subjecta
808 3268 868 3319 est.

608 3360 730 3435 Quaerit
744 3382 800 3421 rcx
816 3371 935 3438 noster,
950 3371 986 3422 ut
1000 3362 1183 3425 Willelmus
1198 3363 1376 3445 Papiensis,
1391 3376 1424 3430 et
1437 3368 1519 3431 alius

564 3461 736 3526 cardinalis
756 3462 920 3523 mittantur
942 3463 1051 3542 legati,
1067 3484 1198 3547 sperans
1222 3476 1258 3529 ut
1281 3488 1411 3533 causam
1433 3469 1518 3533 hanc

563 3561 605 3625 ad
619 3557 721 3643 ipsius
733 3557 891 3622 diffiniant
902 3562 1108 3625 voluntatem.
1141 3566 1215 3646 Ipse
1226 3586 1312 3645 vero,
1326 3577 1362 3631 ut
1373 3570 1519 3633 voluntas

562 3686 620 3727 sua
633 3660 798 3745 procedat,
813 3661 922 3723 multis
937 3672 970 3724 et
992 3665 1115 3745 magnis
1134 3669 1316 3748 procuravit
1335 3670 1471 3754 injuriis,
1485 3682 1519 3734 et

561 3765 693 3851 rapinis.
739 3763 836 3828 Unde
851 3763 929 3825 mihi
946 3765 1151 3829 commodum
1168 3768 1327 3848 videretur
1340 3782 1387 3848 ut,
1401 3772 1429 3834 si
1450 3771 1519 3836 fieri

561 3878 679 3953 posset,
703 3866 929 3931 Coloniensem
953 3866 1159 3946 induceretis
1175 3880 1333 3953 quatenus
1358 3873 1419 3935 sub
1443 3894 1519 3937 con·

561 3972 623 4035 silii
639 3970 745 4053 specie
768 3978 800 4030 et
822 3969 947 4044 amoriS,
963 3990 1069 4049 regem
1093 3980 1246 4036 statueret
1270 3985 1380 4036 contra
1402 3975 1519 4039 faciem

562 4093 662 4149 suam,
686 4082 718 4134 et
740 4090 846 4133 causae
872 4068 1076 4134 difficultates
1098 4074 1290 4137 ostenderet.
1335 4075 1409 4147 Quo
1431 4078 1519 4140 enim

555 4176 637 4260 jure,
668 4196 732 4258 qua
767 4173 898 4250 ratione,
928 4194 994 4255 qua
1028 4176 1100 4254 lege
1131 4178 1179 4239 vel
1216 4199 1352 4255 canone,
1386 4190 1520 4261 cogetur

560 4274 799 4339 Cantuariensis
815 4294 945 4336 causam
960 4274 1084 4353 ingredi
1108 4278 1264 4359 spoliatus
1279 4290 1353 4363 post
1373 4282 1517 4364 appella·

557 4372 699 4441 tionem?
730 4396 839 4437 nonne
864 4374 893 4435 ci
920 4374 1040 4436 debent
1055 4387 1149 4440 antea
1170 4380 1317 4444 universa
1336 4382 1470 4459 restitui,
1486 4398 1519 4445 et

556 4502 622 4565 pax
638 4479 760 4559 integra
775 4476 946 4553 reformari,
963 4489 997 4540 et
1013 4488 1128 4543 caetera
1150 4502 1222 4563 quae
1246 4503 1389 4547 canones
1404 4486 1437 4547 in
1454 4485 1517 4549 hac
