3875 5725
502 871 696 951 1159-61.]
882 889 1061 934 samsona.
1407 872 1449 931 69

499 1049 532 1100 et
559 1039 584 1100 si
615 1038 693 1123 quid
722 1039 922 1124 tyrannicum
953 1037 1091 1101 atrocius
1119 1034 1295 1121 excogitari
1319 1034 1447 1119 potest?

499 1141 544 1202 Et
559 1139 689 1224 quidem
705 1140 785 1203 bene
800 1163 872 1204 curn
889 1138 1019 1204 ecclesia
1033 1152 1140 1203 actum
1156 1150 1216 1215 est,
1229 1137 1316 1223 quod
1327 1135 1448 1211 Caesar,

497 1241 555 1324 qui
570 1240 690 1317 aderat,
706 1240 800 1327 plura
810 1242 925 1327 jubere
941 1241 1082 1315 erubuit,
1099 1263 1195 1327 quam
1211 1241 1281 1326 ipsa
1295 1239 1374 1324 pati.

541 1345 666 1407 Possem
693 1344 841 1430 pluribus
865 1344 905 1407 ad
928 1367 966 1407 ea
989 1366 1063 1429 quae
1087 1342 1241 1428 scripsisti
1266 1340 1448 1412 rescribere,

496 1443 549 1505 sed
573 1444 641 1507 lraec
663 1449 738 1509 satis
760 1468 827 1507 esse
849 1445 988 1508 arbitror
1010 1444 1050 1508 ad
1073 1443 1343 1528 persuadendum,
1366 1452 1402 1504 ut
1420 1439 1447 1502 si

496 1543 564 1606 fieri
580 1558 697 1630 potest,
713 1546 929 1610 Alexandrum
951 1547 1101 1609 dominus
1121 1544 1285 1610 Remensis
1305 1541 1448 1628 recipiat,

497 1659 528 1707 et
542 1667 725 1724 consensus,
741 1648 767 1708 si
787 1648 833 1709 ita
849 1647 964 1709 viderit
984 1647 1145 1731 expedire,
1162 1646 1262 1708 donec
1282 1645 1349 1718 fiat,
1364 1664 1449 1705 com·

498 1744 590 1806 mode
606 1746 782 1808 differatur.
829 1748 911 1809 Nam
928 1747 989 1808 hoc
1010 1749 1086 1809 satis
1100 1768 1286 1830 persuasum
1301 1743 1395 1806 credo
1411 1755 1448 1806 ut

496 1868 558 1907 non
575 1846 754 1930 acquiescat
774 1847 975 1931 imperatoris
996 1846 1115 1908 idolum
1137 1845 1277 1908 adorare.
1326 1844 1359 1905 Si
1375 1866 1449 1906 vero

496 1947 671 2030 periculum
702 1947 891 2025 immineret,
915 1969 981 2009 rem
1011 1947 1138 2010 interim
1163 1945 1281 2008 differri
1313 1965 1450 2006 commo·

496 2046 659 2111 dissimum
676 2057 732 2110 est.
781 2049 820 2110 In
841 2047 938 2111 rebus
958 2048 1067 2111 arduis
1085 2047 1262 2133 periculosa
1274 2057 1322 2108 est
1338 2044 1448 2129 praeci·

495 2148 618 2231 pitatio,
644 2160 676 2212 et
702 2171 790 2210 mora
812 2171 887 2234 quae
908 2149 941 2210 in
966 2149 1062 2211 rebus
1084 2147 1245 2233 expeditis
1269 2145 1446 2231 periculum

494 2249 603 2326 trahit,
619 2248 802 2335 frequenter
822 2251 906 2335 parit
924 2251 1197 2334 opportunitatem
1223 2245 1446 2332 gerendorum.

494 2351 658 2436 Papieusis
688 2365 718 2415 et
758 2351 962 2415 Placentinus
998 2350 1137 2434 episcopi
1175 2349 1250 2413 satis
1288 2360 1320 2410 et
1350 2370 1447 2433 supra

497 2451 640 2527 modum,
656 2475 714 2537 pro
736 2466 827 2538 parte
842 2474 916 2537 quae
936 2452 1068 2515 confidit
1084 2455 1116 2514 in
1133 2451 1270 2526 bomine,
1287 2449 1447 2513 sollicitati

495 2563 580 2629 sunt,
597 2551 652 2613 sed
676 2565 789 2614 neuter
811 2574 919 2613 eorum
944 2550 1101 2614 consensit
1121 2551 1251 2614 consilio
1271 2565 1303 2612 et
1323 2550 1447 2613 actibus

494 2652 686 2734 iniquorum,
699 2652 847 2734 quoniam
861 2664 1031 2735 expectant
1042 2664 1073 2713 et
1086 2652 1146 2736 ipsi
1158 2673 1292 2735 regnum
1306 2651 1447 2727 Domini,

493 2751 537 2812 eis
567 2764 673 2813 tamen
703 2752 848 2813 imminet
881 2752 1064 2834 imperator,
1094 2764 1131 2814 ut
1160 2774 1270 2813 eorum
1300 2750 1446 2834 exemplo

494 2850 634 2913 roborati
649 2850 832 2911 remotiores
848 2850 981 2912 verbum
996 2850 1115 2913 faciant
1138 2873 1197 2933 pro
1209 2844 1345 2913 'veritate
1360 2872 1447 2912 secu-

496 2952 573 3026 rius,
590 2949 794 3013 ascendentes
809 2971 849 3011 ex
861 2950 994 3012 adverso
1010 2950 1173 3035 luporum,
1186 2955 1304 3035 seipsos
1320 2972 1446 3014 murum

494 3063 656 3138 opponant
672 3051 952 3136 inexpugnabilem
968 3074 1028 3135 pro
1042 3051 1139 3114 domo
1156 3052 1265 3116 Israel.
1309 3053 1355 3116 Et
1370 3052 1448 3137 quia

495 3153 553 3216 tibi
569 3175 630 3215 non
646 3152 739 3215 aliter
754 3174 789 3214 ac
804 3152 883 3216 mihi
903 3152 963 3237 ipsi
987 3151 1110 3237 loquor,
1126 3153 1280 3239 quicquid
1296 3153 1398 3217 fervet
1412 3154 1446 3216 in

491 3268 631 3338 pectore,
658 3265 804 3338 patenter
829 3276 996 3337 exponam.
1042 3255 1096 3317 Tu
1124 3254 1215 3339 quasi
1242 3254 1385 3330 vicinior,
1413 3268 1446 3320 et

492 3355 544 3417 cui
573 3378 678 3418 rerum
709 3355 805 3418 facies
833 3355 1024 3420 familiarius
1052 3357 1232 3431 innotescit,
1258 3356 1376 3441 poteris
1405 3355 1446 3418 de

491 3456 624 3541 singulis
639 3457 763 3543 plenius
778 3469 810 3521 et
825 3457 951 3521 fidelius
968 3458 1125 3543 judicare.
1173 3460 1206 3527 Si
1227 3459 1445 3523 schismaticus

492 3558 583 3621 furor
606 3559 763 3622 roboratis
790 3558 936 3644 partibus
963 3561 1069 3622 minus
1090 3561 1258 3643 ingruerit,
1286 3572 1323 3623 ut
1349 3582 1445 3644 penes

491 3682 572 3743 quos
587 3659 726 3723 ecclesiae
748 3663 901 3724 Romanae
921 3673 1043 3723 constet
1063 3661 1248 3737 auctoritas,
1264 3684 1330 3724 esse
1345 3661 1444 3744 possit

491 3760 691 3845 ambiguum,
707 3760 785 3822 nibil
808 3760 885 3822 mihi
902 3760 1031 3824 videtur
1052 3765 1239 3837 consultius,
1253 3783 1347 3844 quam
1364 3783 1459 3843 prae--

490 3861 652 3925 electionis
668 3861 853 3924 sententiam
870 3861 992 3924 differri
1005 3862 1037 3923 in
1050 3862 1133 3924 diem
1151 3860 1353 3922 revelationis
1363 3859 1442 3944 justi

485 3961 601 4045 judicii
618 3963 760 4041 Domini,
777 3961 925 4047 quoniam
941 3962 998 4023 illa
1013 3962 1079 4023 sola
1099 3961 1168 4024 dies
1183 3961 1302 4023 victum
1318 3960 1443 4025 factura

489 4077 651 4126 nocentem
669 4076 725 4127 est.
772 4064 807 4127 Si
823 4062 966 4147 quidem,
982 4074 1019 4127 ut
1035 4062 1079 4125 ait
1093 4061 1158 4141 ille,

623 4212 706 4263 Nulla
719 4231 810 4265 manns
822 4212 885 4265 belli
898 4218 998 4265 mutato
1006 4213 1095 4284 judice
1108 4230 1172 4283 pura
1185 4218 1234 4264 est.

489 4357 533 4418 Et
550 4354 684 4418 hominis
695 4358 824 4440 justitia
838 4360 1021 4423 meritorum
1036 4360 1169 4422 veritate
1185 4380 1246 4421 non
1262 4358 1370 4443 plane,
1382 4380 1443 4421 non

486 4456 581 4539 pleno
604 4455 777 4532 intellectu,
793 4457 901 4543 aliqua
923 4461 1038 4523 erroris
1053 4460 1138 4523 nube
1154 4458 1344 4544 plerumque
1367 4458 1441 4521 sub-
