3875 5725
568 841 609 899 74
828 854 965 912 soannrs
981 853 1259 899 sanasnnnrnusis
1427 836 1473 915 [A.
1490 855 1521 900 n.

566 1002 685 1090 requiri
700 1012 826 1089 oportet
841 1027 882 1068 ex
898 1027 951 1067 ore
966 1027 1094 1068 eorum:
1120 1003 1268 1069 custodes
1280 1005 1363 1068 enim
1380 1006 1520 1071 scientia>
1556 1084 1562 1099 .

568 1118 651 1184 sunt,
667 1118 699 1169 et
713 1107 904 1169 auctoritate
930 1128 995 1191 qua
1018 1105 1237 1191 praeeminent,
1251 1119 1396 1190 possunt,
1412 1119 1444 1171 et
1468 1108 1523 1172 de-

567 1207 655 1285 bent,
685 1224 722 1271 ut
751 1207 783 1270 in
814 1230 846 1270 se
875 1223 1066 1271 concurrant
1096 1207 1221 1294 populi,
1251 1207 1417 1292 imperare.
1470 1211 1521 1274 Te

566 1307 692 1371 interim
709 1307 818 1372 domui
835 1322 900 1373 tuae
916 1306 1090 1395 composita
1106 1332 1183 1393 pace
1203 1308 1364 1394 quiescere
1387 1311 1521 1376 arbitra-

567 1409 634 1482 bar,
650 1410 798 1493 ignorans
818 1431 858 1472 an
881 1422 913 1473 te
928 1410 1056 1472 visurus
1079 1423 1159 1473 esset
1183 1407 1299 1494 aliquis
1324 1433 1445 1486 eorum,
1461 1414 1518 1497 qui

568 1510 814 1594 egrediebantur
828 1533 845 1573 a
859 1510 978 1574 finibus
989 1511 1114 1575 nostris.
1147 1512 1231 1574 Nam
1243 1533 1342 1595 quum
1354 1510 1395 1574 de
1407 1516 1520 1578 vestris

566 1611 695 1697 plurimi
717 1625 927 1690 revertantur,
944 1634 1036 1676 nemo
1059 1625 1176 1698 praeter
1200 1612 1398 1675 Willelmum
1419 1615 1518 1678 medi·

568 1734 640 1775 cum
657 1713 734 1778 mihi
750 1730 815 1779 tuae
832 1714 1032 1778 salutationis
1047 1714 1222 1799 alloquium
1239 1714 1423 1798 reportavit.
1467 1715 1520 1777 Vi-

568 1812 643 1877 disti
665 1828 769 1879 tamen
786 1815 938 1880 dedomo
959 1827 992 1879 et
1015 1836 1124 1878 mensa
1143 1814 1264 1878 domini
1283 1814 1344 1877 mei
1368 1815 1520 1899 plurimos

567 1917 746 1982 redeuntes
791 1921 842 1982 Tu
862 1917 993 2002 quidem
1017 1917 1085 1979 haec
1107 1916 1220 1994 fecisti,
1236 1928 1267 1979 et
1291 1915 1389 1980 tacui:
1420 1920 1518 1980 immo

569 2031 605 2082 tu
633 2019 769 2092 tacuisti,
796 2030 827 2081 et
853 2042 913 2101 ego
942 2017 1090 2081 conticui.
1139 2015 1264 2099 Negare
1289 2038 1351 2079 non
1378 2039 1518 2103 possum,

567 2122 646 2205 quin
662 2117 809 2201 pluribus
825 2118 1061 2181 transeuntibus
1072 2139 1201 2203 operam
1213 2117 1367 2194 dederim,
1379 2141 1518 2203 quorum

567 2216 748 2293 nonnullos,
769 2229 806 2280 ut
827 2218 888 2280 tibi
909 2217 941 2279 in
962 2238 1039 2279 aure
1060 2216 1184 2301 loquar,
1200 2239 1273 2279 cum
1293 2216 1409 2282 litteris
1423 2217 1464 2280 ad
1487 2232 1520 2283 te

567 2316 763 2404 perferendis
792 2317 944 2382 libentius
974 2317 1173 2395 dimisissem,
1199 2340 1294 2404 quam
1324 2343 1397 2382 cum
1424 2321 1520 2384 variis

568 2420 770 2504 portionibus
795 2418 999 2504 supellectilis
1024 2441 1115 2495 meae,
1141 2443 1204 2504 qna
1234 2443 1285 2483 me
1315 2418 1519 2485 militantium

569 2520 700 2585 nudavit
722 2522 920 2606 improbitas.
964 2525 1132 2586 Postremo
1153 2523 1267 2606 genius
1288 2523 1377 2600 mihi,
1403 2536 1437 2587 ut
1463 2525 1520 2604 ais,

568 2623 674 2687 fuerat
690 2624 940 2703 defraudandus,
955 2636 987 2688 et
1007 2623 1199 2688 somniorum
1223 2625 1402 2704 dulcedine,
1416 2640 1448 2690 et
1472 2650 1522 2690 so-

568 2725 789 2790 lemnitatibus
806 2727 982 2813 epularum.
1029 2725 1123 2791 Nosti
1140 2727 1295 2813 siquidem
1320 2726 1394 2810 quia
1409 2727 1518 2813 volup

569 2826 645 2891 tatis
667 2841 840 2893 amatorem
863 2829 941 2894 nihil
964 2830 1052 2895 aliud
1075 2828 1252 2916 impedivit.
1298 2828 1380 2891 Nam
1399 2827 1519 2893 domini

569 2930 630 2993 mei
642 2930 877 3017 amicorumque
889 2932 1026 3016 negotia,
1040 2933 1095 2995 sed
1109 2954 1167 2994 nec
1178 2952 1286 2993 curam
1301 2930 1344 2993 rei
1357 2927 1520 2992 familiaris

568 3034 717 3096 attendis.
750 3035 856 3110 Quum
871 3034 982 3119 itaque
996 3033 1207 3096 innocentiam
1224 3054 1338 3110 meam,
1352 3030 1520 3115 superbiae,

568 3133 782 3217 negligentiae,
798 3145 830 3196 et
846 3133 1020 3217 voluptatis
1034 3146 1110 3197 nota
1124 3132 1289 3211 inusseris,
1305 3133 1372 3196 haec
1386 3134 1418 3196 in
1439 3131 1520 3216 epis·

568 3232 643 3310 tola,
659 3233 752 3317 quasi
767 3245 930 3295 conterens
944 3233 1032 3296 velut
1050 3233 1172 3295 varium
1197 3233 1361 3319 pulverem
1378 3234 1519 3317 pigmen-

509 3366 517 3375 ·
569 3333 686 3395 tarium
701 3333 866 3409 miscuisti,
879 3344 910 3395 et
923 3333 1001 3415 quia
1015 3344 1163 3419 poterant
1178 3355 1372 3396 amarescere
1385 3334 1521 3414 singula,

567 3456 661 3498 aures
683 3434 760 3497 mihi
782 3445 855 3496 ante
877 3432 1074 3519 dulciloquio
1096 3433 1309 3520 perfricuisti3
1341 3454 1381 3494 ne
1403 3431 1520 3495 intelli-

567 3554 641 3616 gam
665 3532 743 3617 quid
760 3530 909 3615 loquaris.
954 3534 1000 3595 Et
1015 3532 1156 3595 caritatis
1175 3533 1235 3596 hoc
1249 3534 1321 3614 igne
1336 3531 1521 3616 concoquis,

569 3650 606 3698 ut
630 3635 775 3698 universa
800 3633 967 3719 propinata
991 3634 1187 3699 dulcescant.
1233 3636 1306 3699 Fiat
1329 3658 1406 3719 ergo
1433 3635 1521 3720 quod

570 3735 627 3810 vis,
643 3735 721 3799 cedo
737 3736 861 3822 majori,
877 3746 909 3798 et
924 3734 1032 3798 omnia
1046 3735 1127 3798 bene
1142 3748 1174 3799 et
1189 3736 1286 3800 amice
1301 3736 1506 3822 interpretor.

657 3993 881 4058 EPISTOLA
905 3996 1084 4060 LX[.-an
1100 4011 1218 4055 nnonu
1233 4008 1427 4055 namurcum.

816 4116 955 4179 Domino
970 4118 1054 4198 Περὶ
1069 4115 1259 4194 Anglorum.

614 4246 845 4309 Marnsrarnu
865 4246 984 4328 regiam
1005 4245 1194 4329 excogitatis
1217 4246 1447 4311 circumvenire
1462 4247 1520 4310 fal-

570 4347 668 4425 laciis,
679 4346 832 4430 sacrilegii
841 4346 941 4409 instar
949 4359 1009 4421 est,
1021 4346 1195 4432 praesertim
1205 4348 1261 4412 ubi
1270 4349 1520 4435 indignationem

570 4447 735 4535 potestatis
750 4449 902 4512 adversus
922 4446 1131 4512 innocentiam
1147 4464 1297 4533 procurat
1319 4451 1421 4527 dolus,
1438 4463 1469 4513 et
1488 4451 1519 4511 in
