3875 5725
498 832 558 890 lau
760 847 897 891 romnus
914 845 1192 890 sanasuumausrs
1353 827 1403 906 [n.
1421 843 1457 888 u.

663 996 688 1046 N
692 1015 724 1047 on
737 997 784 1047 hoc
797 998 847 1048 ista
859 996 909 1047 sibi
922 1004 1024 1067 tempus
1036 994 1183 1067 spectacula
1194 997 1285 1065 poscit.

492 1099 655 1185 Siquidem
681 1120 743 1161 non
771 1111 834 1161 tam
859 1097 1058 1162 devotionem
1082 1100 1234 1176 excitant,
1260 1120 1360 1182 quam
1396 1121 1454 1162 cu-

490 1202 672 1265 riositatem.
720 1201 832 1263 Nonne
848 1199 995 1273 recolitis,
1011 1199 1089 1284 quia
1103 1203 1137 1263 in
1152 1199 1299 1284 angustia
1321 1199 1450 1286 populi,

492 1314 527 1366 ut
545 1301 696 1385 scripturn
714 1314 772 1376 est,
792 1302 886 1364 Inter
902 1303 1092 1365 uestibulum
1107 1311 1139 1366 ct
1152 1305 1257 1367 attare
1268 1301 1453 1385 plorabunt

490 1407 665 1470 sacerdotes
698 1415 727 1468 et
766 1405 917 1478 ministri,
953 1406 1115 1469 dicentes:
1151 1407 1263 1484 Parcc,
1296 1407 1450 1480 Domine,

488 1530 585 1591 parce
598 1511 715 1590 populo
738 1518 801 1570 tuo.
846 1507 1071 1582 Eaercitabur,
1093 1509 1200 1591 inquit
1220 1506 1393 1592 propheta,
1416 1519 1450 1571 et

490 1612 649 1693 scopebam
671 1610 824 1692 spiritum
846 1629 960 1682 meam,
977 1611 1012 1671 ia
1036 1611 1088 1672 die
1107 1607 1327 1672 tribulationis
1340 1609 1449 1672 Deam

491 1713 661 1796 acquirens
680 1713 834 1774 munibus.
881 1713 925 1773 Ut
943 1708 1054 1772 doceat
1073 1711 1149 1794 quia
1169 1708 1335 1794 spirituale
1356 1732 1450 1773 exer·

492 1815 603 1881 citium
634 1829 664 1880 et
696 1813 883 1878 mundatrix
912 1811 1067 1877 discussio
1097 1811 1297 1876 conscientiae
1327 1814 1446 1878 avertit

492 1918 664 2003 flagellum,
691 1930 721 1981 et
748 1917 898 2002 impetrat
925 1913 1171 1978 miscricordiam
1199 1913 1270 1978 Dei.
1316 1913 1399 1990 Quis
1429 1938 1450 1977 a

489 2021 624 2084 lectione
633 2018 751 2102 legum,
762 2031 818 2081 aut
828 2019 922 2079 etiarn
933 2037 1089 2079 canonum
1099 2028 1308 2100 compunctus
1317 2015 1445 2100 surgit?

491 2120 569 2185 Plus
598 2120 688 2182 dico:
713 2117 863 2180 scholaris
887 2117 1073 2180 exercitatio
1095 2116 1255 2181 interdum
1280 2116 1447 2182 scientiam

490 2232 585 2305 auget
600 2219 641 2282 ad
658 2231 824 2292 tumorem,
842 2219 897 2281 sed
912 2218 1113 2282 devotionern
1128 2232 1184 2282 aut
1201 2240 1274 2282 raro
1288 2230 1345 2282 aut
1366 2240 1449 2284 nun·

490 2344 586 2407 quam
610 2320 794 2383 inflammat.
839 2319 969 2384 Mallem
996 2343 1052 2383 vos
1070 2324 1209 2384 Psalmos
1224 2321 1396 2395 ruminare,
1413 2333 1448 2386 et

488 2422 573 2486 beati
599 2420 746 2503 Gregorii
768 2421 901 2484 morales
924 2420 1023 2485 libros
1046 2420 1217 2498 revolvere,
1240 2442 1338 2506 quam
1354 2422 1446 2485 scho-

487 2523 601 2589 lastico
617 2545 703 2586 more
714 2522 940 2609 philosophari.
976 2523 1119 2608 Expedit
1134 2522 1276 2587 conferre
1291 2522 1332 2587 de
1347 2525 1449 2588 mori-

488 2625 550 2690 bus
564 2648 635 2690 cum
651 2623 760 2711 aliquo
775 2624 943 2711 spirituali,
959 2624 1206 2710 cujusexemplo
1218 2624 1449 2704 accendamini,

488 2750 585 2815 quam
600 2727 753 2813 inspicere
768 2743 799 2791 et
823 2727 981 2791 discutere
1004 2727 1158 2810 litigiosos
1178 2728 1329 2792 articulos
1344 2751 1451 2792 saecu·

488 2831 603 2896 larium
639 2830 811 2895 literarum.
863 2833 965 2894 Novit
1001 2831 1102 2909 Deus,
1131 2851 1197 2914 qua
1231 2841 1348 2909 mente,
1380 2853 1449 2917 qua

488 2933 656 2998 devotione
678 2937 740 2997 ista
762 2955 946 3018 proponam.
993 2932 1056 2993 Vos
1078 2930 1240 3015 accipietis
1263 2943 1297 2996 ut
1329 2931 1445 3016 placet.

490 3035 523 3098 Si
546 3050 651 3100 autem
675 3036 737 3098 ista
758 3035 906 3110 feceritis,
930 3035 1021 3097 vobis
1043 3034 1102 3097 erit
1125 3034 1255 3118 adjutor
1280 3033 1382 3109 Deus,
1408 3048 1447 3099 ut

488 3137 593 3199 timeri
615 3159 677 3199 non
707 3150 852 3219 oporteat
876 3136 954 3220 quid
986 3136 1185 3199 machinetur
1216 3134 1321 3198 homo,
1367 3135 1447 3219 Ipse

487 3236 575 3298 novit
585 3236 672 3319 quod
682 3236 714 3297 in
727 3236 815 3299 nullo
827 3237 952 3299 mortali
962 3238 1063 3316 nobis,
1074 3252 1110 3300 ut
1120 3235 1443 3321 opinor,sperandum

487 3350 535 3402 est
558 3336 590 3399 in
613 3338 762 3420 praesenti
794 3337 951 3419 angustia.
1000 3339 1119 3402 Audivi
1144 3353 1248 3401 tamen
1272 3338 1358 3421 quod
1385 3359 1443 3401 rex

490 3437 632 3501 Franciae
655 3461 712 3523 pro
734 3438 825 3501 vobis
846 3438 1061 3502 sollicitaverit
1086 3440 1251 3503 dominum
1266 3460 1394 3523 papam,
1411 3451 1444 3502 et

486 3540 781 3606 Pontiniacensibus
797 3541 916 3623 gratias
932 3542 1042 3625 egerit.

531 3640 654 3706 Audivi
682 3641 768 3726 quod
800 3639 988 3726 scripseritis
1018 3642 1255 3728 archiepiscopo
1280 3644 1444 3719 Remensi,

487 3766 525 3811 ut
540 3769 589 3811 res
605 3759 724 3809 vestras
739 3765 795 3828 per
820 3743 1001 3809 Flandriam
1024 3744 1161 3808 conduci
1176 3743 1293 3807 faceret
1314 3742 1444 3806 nomine

487 3874 555 3931 suo,
586 3848 677 3935 quasi
700 3872 766 3912 suaa
788 3848 910 3912 futurae
933 3860 1034 3912 erant.
1081 3846 1174 3923 Quod
1198 3850 1225 3909 si
1249 3866 1360 3907 verum
1382 3858 1445 3925 est,

485 3952 582 4014 miror
597 3953 780 4035 plurimum.
805 3955 965 4016 Praeterea
981 3949 1108 4024 dicitur,
1124 3948 1210 4035 quud
1226 3949 1323 4011 frater
1341 3946 1444 4028 Hugo

485 4050 525 4111 de
555 4064 663 4112 sancto
694 4051 867 4114 Benedicta
890 4050 1018 4113 redierit
1041 4051 1081 4113 ab
1104 4049 1229 4133 Anglia,
1252 4061 1284 4112 et
1308 4045 1442 4133 quidam

485 4149 550 4225 alii,
575 4148 732 4230 legatione
765 4151 848 4233 regis
878 4151 977 4212 nostri
1008 4150 1176 4232 fungentes
1205 4149 1245 4211 ad
1275 4146 1442 4211 dominum

485 4273 598 4336 papam
616 4264 648 4314 ct
664 4273 768 4335 regern
786 4253 995 4324 Francorum,
1012 4252 1066 4314 sed
1079 4253 1157 4337 quid
1170 4250 1347 4330 attulerint,
1362 4251 1443 4314 scire

485 4353 638 4418 desidero.
684 4351 812 4417 Dicitur
834 4354 928 4415 etiam
959 4354 1046 4435 quud
1076 4368 1169 4419 terrae
1200 4366 1306 4418 motus
1336 4373 1443 4437 nuper

484 4459 582 4522 fuerit
600 4456 630 4519 in
648 4451 763 4538 Anglia
778 4454 860 4517 circa
885 4452 1101 4534 Cantuariam,
1116 4469 1148 4518 et
1170 4454 1382 4531 Loudoniam,
1406 4467 1440 4520 et
