3875 5725
499 827 541 885 ot
755 834 891 879 tornius
906 829 1183 878 sanusacrnnxsrs
1295 854 1298 861 ·
1359 813 1411 893 [x.
1431 832 1462 876 o.

503 986 679 1073 angustias,
693 997 821 1072 gratum
837 983 968 1048 haberes
990 980 1145 1070 quicquid
1168 979 1236 1044 lieri
1252 978 1380 1044 videres
1404 1003 1466 1067 pro

504 1103 612 1154 nostra
636 1087 749 1165 salute,
774 1101 805 1153 et
836 1099 976 1151 nostram
1008 1082 1117 1147 malles
1146 1083 1285 1147 animam
1314 1080 1463 1163 liberari,

501 1190 654 1278 quamde
670 1189 818 1278 peccatis,
832 1202 864 1252 et
879 1185 1081 1251 damnatione
1098 1197 1218 1262 nostra,
1233 1186 1406 1268 pecuniam
1427 1197 1461 1250 et

502 1293 630 1376 divitias
657 1291 795 1357 infinitas
824 1292 998 1376 acquirere.
1043 1288 1123 1353 Inde
1152 1300 1200 1352 est
1230 1286 1318 1372 quod
1351 1298 1383 1349 te
1414 1286 1459 1351 ad

500 1417 640 1482 proescns
655 1393 686 1457 in
704 1392 869 1456 vexatione
885 1391 980 1476 hujus
994 1388 1105 1454 auxilii
1127 1388 1236 1455 audire
1251 1409 1314 1451 non
1339 1411 1457 1474 possu-

500 1521 582 1569 mus,
595 1497 661 1559 sine
677 1493 802 1557 laesione
814 1492 879 1556 voti
891 1505 923 1555 et
938 1491 1052 1556 salutis
1063 1504 1181 1556 nostrae
1195 1488 1350 1577 periculo.
1390 1489 1456 1554 Sed

500 1598 526 1664 ei
543 1601 634 1663 Deus
649 1595 739 1661 nobis
756 1595 850 1660 vitam
866 1593 990 1658 dederit
1005 1608 1037 1657 et
1059 1593 1237 1673 sanitatem,
1251 1614 1351 1677 quam
1374 1614 1454 1655 non-

498 1702 576 1767 dum
600 1700 680 1766 bene
703 1697 811 1783 adepti
836 1720 958 1772 sumus,
976 1719 1140 1783 speramus
1165 1696 1252 1782 quod
1276 1694 1385 1760 adhuc
1407 1695 1454 1759 ita

500 1804 559 1871 tibi
576 1827 633 1890 per
656 1824 784 1866 manum
808 1815 948 1866 nostram
973 1802 1132 1864 Dominus
1155 1797 1348 1882 providebit,
1362 1796 1453 1883 quod

499 1905 618 1970 talibus
633 1928 693 1969 non
711 1904 820 1989 egebis
842 1902 984 1977 auxiliis,
1001 1916 1033 1965 et
1056 1901 1177 1987 gratias
1198 1924 1273 1986 ages
1297 1901 1451 1977 Domino,

498 2007 585 2092 quod
608 2029 627 2068 a
650 2005 730 2069 mala
753 2003 985 2068 consuetudine
1007 2027 1095 2069 suam
1116 2002 1315 2091 temporibus
1334 2001 1450 2066 vestris

496 2105 679 2171 liberaverit
694 2103 867 2168 ecclesiam.
912 2108 1077 2190 Rogamus
1092 2105 1214 2192 itaque,
1231 2119 1267 2170 ut
1289 2104 1378 2192 quod
1401 2104 1450 2167 fe·

496 2206 596 2272 cimus
621 2218 748 2291 gratum
772 2204 899 2281 habeas,
923 2206 1001 2291 quia
1027 2206 1117 2270 nobis
1142 2229 1255 2293 parum
1282 2205 1448 2292 prodesset

498 2307 751 2383 winemandus,
769 2307 795 2372 si
811 2308 947 2371 animam
963 2309 1174 2390 perderemus.

831 2600 1052 2666 EPISTOLA
1075 2603 1113 2665 L.

846 2767 898 2832 De
912 2769 1089 2832 Meritoria.

536 2908 688 2982 CAUSAM,
711 2929 785 2992 quae
807 2904 888 2969 inter
910 2902 1042 2969 dilectos
1065 2903 1179 2967 fratres
1202 2914 1326 2969 nostros
1350 2927 1444 2969 cano-

494 3009 580 3071 nicos
596 3008 835 3087 Meritonenses,
846 3020 879 3069 et
891 3005 1060 3068 monachos
1075 3004 1115 3068 de
1132 3005 1236 3069 Melsa
1248 3006 1443 3086 vertebatur,

493 3128 588 3190 super
617 3107 813 3190 possessione
843 3104 902 3167 loci
933 3106 989 3190 qui
1020 3105 1139 3170 dicitur
1168 3108 1307 3173 Acchab.
1338 3121 1370 3173 et
1401 3114 1440 3175 Β.

493 3219 524 3271 et
546 3204 680 3283 damnis,
697 3228 770 3290 quae
794 3204 854 3269 sibi
878 3206 1018 3270 canonici
1045 3210 1262 3294 querebantur
1287 3210 1387 3289 illata,
1400 3234 1441 3277 ex

491 3305 641 3370 mandato
655 3305 773 3370 domini
790 3328 880 3391 papae
895 3305 1084 3385 decidentes,
1101 3292 1270 3376 monachos
1284 3313 1441 3378 canonicis

490 3408 779 3486 condemnavimus,
809 3409 842 3473 in
871 3411 1104 3476 restitutionem
1141 3415 1267 3497 praefati
1298 3415 1370 3497 loci,
1397 3418 1440 3481 ad

491 3512 606 3575 damna
621 3511 680 3576 sibi
697 3511 902 3576 resarcienda.
948 3514 1092 3591 Quorum
1105 3538 1260 3583 summam
1277 3542 1377 3604 quum
1393 3519 1441 3585 illi
1549 3537 1551 3541 '

490 3613 530 3680 ad
547 3613 707 3700 octoginta
723 3637 853 3695 marcas,
868 3625 990 3680 servata
1005 3618 1138 3681 veritate
1152 3633 1184 3684 et
1207 3620 1352 3685 adhibita
1373 3645 1440 3687 mo·

490 3717 661 3793 deratione,
672 3716 888 3793 extenderent,
900 3739 956 3781 nos
965 3719 1112 3804 partibus
1123 3720 1238 3784 nostris
1246 3722 1440 3809 interpositis

489 3845 557 3886 eam
570 3821 609 3885 ad
624 3828 665 3885 40
675 3843 849 3885 marcarum
861 3820 1048 3885 reduximus
1060 3822 1282 3907 quantitatem.
1316 3826 1438 3893 Vestrae

489 3924 598 4006 itaque
623 3922 812 3989 fraternitati
827 3924 1025 4004 mandamus,
1038 3936 1070 3988 et
1085 3922 1204 3989 domini
1223 3948 1316 4013 papae
1330 3944 1440 3995 aucto-

490 4024 584 4085 ritate
607 4025 820 4109 praecipimus,
834 4039 869 4090 ut
896 4028 1047 4111 praefatos
1068 4028 1238 4092 monachos
1259 4035 1439 4100 memoratis

489 4121 653 4196 fratribus,
672 4124 738 4208 jam
755 4124 877 4189 dictum
894 4125 1013 4205 locum,
1029 4141 1060 4193 et
1077 4131 1241 4214 pecuniam
1257 4132 1440 4219 praefatam,

487 4223 573 4291 omni
591 4225 751 4299 occasione
774 4241 905 4303 remota,
929 4229 1095 4295 restituere
1118 4234 1327 4318 compellatis,
1341 4259 1381 4301 ne
1403 4238 1436 4304 in

487 4326 671 4394 executione
693 4326 835 4392 mandati
857 4330 1021 4412 apostolici
1045 4333 1248 4420 negligentiae
1270 4360 1326 4403 vos
1348 4340 1437 4426 quis·

485 4454 582 4516 quam
598 4451 729 4517 arguere
743 4428 842 4515 possit
857 4430 1019 4500 obnoxios.
1065 4437 1138 4501 Hoc
1152 4450 1259 4504 autem
1275 4443 1437 4509 monachis
