3875 5725
494 850 557 909 880
749 864 885 910 rosnurs
901 861 1179 910 streneshalensis
1350 848 1396 928 [s.
1413 870 1447 913 n.

492 1015 597 1099 copia.
635 1016 757 1081 Caetera
774 1017 933 1080 Dominus
948 1017 1149 1093 ministrabit,
1160 1017 1217 1100 qui
1232 1029 1396 1101 sperantes
1410 1021 1446 1082 in

490 1139 525 1180 se
539 1139 606 1180 non
621 1116 748 1196 deserit,
759 1140 820 1182 nec
836 1117 958 1203 aliquid
973 1118 1050 1180 boni
1066 1128 1206 1180 reservat
1222 1119 1447 1184 deserentibus

489 1216 597 1298 fidem,
613 1227 645 1281 et
659 1219 898 1283 simulatoribus
919 1218 1008 1297 fidei,
1024 1227 1057 1281 et
1075 1221 1359 1301 persequutoribus
1374 1223 1448 1286 the·

490 1322 630 1385 saurizat
644 1322 722 1385 iram
737 1323 772 1383 in
787 1322 873 1385 diem
888 1321 1003 1384 suroris
1018 1321 1078 1383 sui.

548 1575 770 1640 EPISTOLA
792 1574 1099 1639 CLXXXIX—an
1114 1594 1194 1638 uso.
1212 1595 1392 1641 urrunnun

749 1695 911 1742 encratis.
960 1676 1182 1756 [Δ.1).1166.]

728 1813 891 1893 anistro
908 1813 1053 1876 Girardo
1068 1812 1209 1875 Pacclle.

533 1932 676 1994 Puerum
706 1928 875 1992 devotione
906 1939 938 1993 et
967 1928 1146 1992 eruditione
1175 1950 1278 2011 nuper
1306 1952 1326 1994 a
1355 1932 1448 1994 vobis

490 2031 596 2114 recepi
626 2030 805 2114 epistolam,
831 2051 926 2112 quam
957 2051 1020 2113 quo
1050 2028 1237 2112 diligentius
1263 2032 1380 2114 relego,
1406 2054 1447 2095 eo

491 2131 654 2197 societatis
683 2139 795 2194 vestrae
825 2131 975 2194 solatium
1006 2131 1102 2193 nobis
1141 2133 1339 2195 subtractum
1376 2155 1447 2198 esse

490 2235 636 2297 acerbius
658 2232 846 2313 ingemisco.
899 2232 1071 2305 Caeterum‚
1096 2254 1193 2315 quum
1217 2240 1285 2296 tota
1310 2234 1448 2317 epistola

491 2345 557 2398 tum
573 2334 623 2395 sui
639 2341 815 2405 venustate,
832 2343 897 2394 tum
914 2334 1084 2397 affectione
1100 2345 1132 2396 et
1146 2336 1323 2398 reverentia
1343 2337 1449 2398 nomi-

489 2436 540 2498 nis
571 2433 666 2496 vestri
699 2433 871 2516 plurimum
910 2444 1077 2512 mereatur,
1104 2435 1186 2498 illud
1224 2457 1290 2519 prae
1320 2438 1448 2499 caeteris

488 2537 593 2620 placet
608 2535 694 2617 quod
709 2535 743 2597 in
755 2536 843 2598 calce
855 2536 1028 2599 litterarum
1041 2534 1226 2619 prudenter,
1239 2548 1282 2615 et,
1294 2549 1329 2601 ut
1340 2559 1446 2622 spero,

489 2635 641 2699 veraciter
669 2634 840 2708 intulistis3
877 2655 933 2696 vos
963 2633 1095 2712 dixisse,
1124 2635 1252 2714 fecisse,
1277 2638 1446 2720 scripsisse

489 2757 648 2821 perpenso
671 2745 782 2798 tenore
809 2735 985 2798 litterarum
1010 2757 1164 2814 mearum,
1189 2738 1345 2821 quicquid
1368 2739 1445 2814 dici,

490 2838 597 2913 scribi,
629 2846 662 2902 et
690 2836 761 2900 fieri
789 2838 967 2921 oportebat.
1021 2837 1105 2900 Mihi
1136 2848 1241 2902 autem
1270 2862 1447 2923 numquam

490 2939 673 3024 persuaderi
697 2931 802 3022 potuit
828 2939 914 3022 quod
940 2939 974 3000 in
1000 2949 1090 3002 tanto
1121 2941 1231 3003 salutis
1260 2940 1451 3006 discrimine

490 3041 610 3127 aliquid
641 3062 684 3105 ex
710 3041 970 3122 contingentibus
999 3041 1196 3118 omitteretis,
1222 3052 1254 3105 et
1283 3043 1444 3108 sordidam

490 3144 672 3208 divitiarum
687 3142 947 3206 evanescentium
963 3144 1242 3206 commutationem
1263 3163 1323 3225 pro
1339 3145 1446 3208 anima

488 3243 683 3328 recipiend0,
701 3264 765 3304 non
785 3242 882 3305 modo
904 3242 1166 3326 philosophantis
1187 3266 1305 3307 nomon
1320 3246 1446 3309 velletis

489 3346 640 3422 amittere,
664 3343 721 3406 sed
747 3342 848 3427 (quod
871 3346 966 3425 longe
989 3346 1198 3425 perniciosius
1220 3348 1278 3424 cst)
1306 3345 1445 3429 abjicere

489 3444 720 3504 conscientiam
744 3442 971 3507 Christianam.
1017 3446 1111 3507 Absit
1133 3445 1206 3519 hoc,
1227 3447 1311 3508 absit
1333 3446 1444 3517 (dilec-

488 3538 622 3619 tissime)
638 3561 656 3601 a
672 3540 863 3603 discretione
880 3552 911 3604 et
925 3544 1095 3607 honestate
1110 3556 1223 3622 vestra,
1239 3557 1274 3608 ut
1289 3567 1347 3628 pro
1362 3556 1443 3608 tem-

488 3642 588 3727 porali
603 3642 818 3705 emolumento
839 3643 965 3724 ponatis
989 3664 1061 3706 curn
1085 3646 1300 3709 schismaticis
1324 3646 1443 3729 portio-

488 3767 572 3823 nem,
602 3754 634 3809 et
668 3743 842 3829 quicquam
879 3743 919 3807 de
956 3745 1206 3810 Hierichontino
1241 3748 1443 3810 anathemate

487 3846 721 3929 imprudentius
747 3855 780 3908 et
805 3844 1023 3928 impudentius
1052 3848 1192 3930 rapiatis,
1218 3846 1306 3930 quod
1331 3848 1445 3911 castris
1530 3851 1537 3860 '

487 3948 622 4011 Domini
639 3948 840 4012 exercituum
862 3948 896 4009 in
919 3948 1042 4011 ruinam
1057 3958 1088 4010 et
1111 3949 1286 4030 perniciem
1309 3968 1443 4010 conver·

487 4060 580 4114 tatur.
624 4052 670 4114 Et
691 4050 820 4133 quidem
835 4058 872 4111 ut
893 4050 1061 4113 sententiae
1077 4061 1199 4128 vestrae,
1213 4051 1310 4112 immo
1332 4049 1444 4111 catho-

485 4152 558 4213 licae
573 4152 719 4215 ecclesiae
734 4150 914 4213 auctoritati
929 4151 1139 4230 consentiam,
1154 4152 1231 4215 dum
1253 4172 1351 4233 grana
1366 4172 1443 4213 curn

486 4251 598 4334 paleis,
613 4261 645 4312 et
659 4253 735 4314 boni
755 4252 849 4314 malis
870 4250 1006 4313 admixti
1029 4262 1112 4329 sunt,
1129 4264 1161 4316 et
1175 4254 1209 4315 in
1225 4252 1444 4336 adimplendis

487 4350 644 4416 mandatis
661 4352 778 4433 Moysi,
790 4363 821 4414 et
831 4350 1048 4433 promovenda
1059 4353 1318 4434 praedestinantis
1333 4354 1442 4435 gratiae
1458 4400 1461 4406 -

486 4453 697 4538 dispositione
712 4453 835 4515 laborat
849 4452 954 4528 lesus,
969 4453 1139 4517 anathema
1160 4455 1193 4517 in
1217 4455 1324 4518 medio
1341 4455 1441 4517 lsrael
