3875 5725
565 819 626 879 loa
822 834 957 878 scaurus
975 833 1254 879 sanusnunmnms
1421 817 1466 897 [r.
1485 837 1515 879 n.

560 982 675 1047 veteris
691 984 838 1049 amicitiae
853 983 1055 1059 oblivionem,
1078 983 1101 1048 si
1120 1008 1181 1050 uon
1206 985 1309 1060 nobis,
1325 983 1394 1049 aliis
1411 997 1514 1048 tamen

560 1086 737 1171 significare
755 1088 911 1154 videatur.
955 1090 1000 1153 Et
1026 1089 1100 1173 quia
1122 1087 1277 1153 indefessa
1300 1087 1514 1151 sollicitudine

561 1211 657 1273 super
665 1188 832 1254 afflictione
844 1189 954 1254 matris
965 1204 1207 1256 nostraesanctae
1215 1192 1368 1253 Romanae
1374 1189 1512 1253 ecclesiae

558 1291 681 1376 jugiter
702 1292 901 1357 concitantur
918 1292 1037 1356 viscera
1059 1308 1177 1368 nostra,
1193 1306 1225 1357 et
1240 1316 1297 1356 ora
1311 1291 1448 1354 filiorum
1467 1292 1515 1354 in-

561 1390 702 1454 fidelium
718 1392 906 1467 dilatantur,
922 1393 979 1479 qui
995 1392 1134 1457 laborem
1150 1393 1264 1479 capitis
1284 1416 1343 1478 pro
1362 1391 1514 1474 languore

561 1492 652 1557 nobis
673 1493 901 1579 improperant,
932 1495 1064 1580 expedit
1094 1508 1131 1559 ut
1162 1508 1315 1570 vestrum,
1337 1507 1368 1557 et
1397 1505 1513 1556 sauctae

561 1594 715 1660 Rom-nnae
733 1594 871 1659 ecciesiae
887 1608 1019 1672 statum,
1032 1609 1063 1660 et
1076 1595 1100 1658 si
1114 1608 1284 1681 tempestas
1299 1594 1404 1657 adhuc
1416 1604 1515 1657 cessat

560 1721 579 1761 a
601 1699 706 1760 seculo
730 1712 761 1760 et
785 1718 928 1760 serenum
954 1697 1075 1760 futurae
1100 1697 1185 1781 pacis
1207 1694 1353 1759 alicunde
1378 1694 1515 1779 resplen-

561 1797 647 1874 deat,
671 1798 785 1862 litteris
800 1821 880 1884 quas
904 1797 935 1860 in
958 1813 1052 1881 gente
1067 1811 1175 1860 nostra
1189 1796 1230 1859 nd
1245 1796 1512 1860 confirmationem

560 1899 701 1963 fidelium
726 1899 882 1986 possimus
903 1898 1081 1975 ostendere,
1112 1899 1204 1963 nobis
1234 1897 1402 1984 significari
1432 1920 1512 1983 prae-

558 2000 694 2085 cipiatis.
739 2003 795 2065 Me
818 2001 923 2084 gravis
939 2000 1071 2083 languor
1087 2001 1289 2085 exigentibus
1307 2000 1409 2084 culpis
1432 2000 1510 2066 meis

554 2116 669 2166 -oestatc
684 2106 848 2188 proeterita
862 2101 1000 2165 adduxit
1016 2101 1056 2164 ad
1078 2115 1186 2186 portas
1202 2104 1322 2179 mortis,
1338 2103 1390 2166 cui
1406 2126 1456 2166 me
1470 2103 1511 2166 ad

558 2203 717 2267 modicum
745 2205 830 2267 facto
854 2205 922 2289 jam
950 2218 1151 2280 testamento,
1180 2205 1339 2290 rebusque
1364 2205 1510 2269 omnibus

560 2304 724 2389 usquead
749 2305 868 2368 victum
892 2317 1018 2368 tenuem
1043 2305 1192 2388 erogatis,
1214 2305 1350 2368 clemens
1368 2309 1510 2391 omnipo-

559 2408 655 2470 tentis
677 2431 800 2485 manus,
834 2421 869 2473 ut
892 2409 951 2472 hac
976 2409 1055 2473 urbe
1078 2412 1201 2471 morula
1224 2408 1313 2473 liceat
1344 2410 1509 2473 commissa

558 2508 684 2584 deflere,
712 2510 878 2575 subduxit.
923 2513 975 2575 De
999 2510 1123 2597 reliquo
1145 2531 1284 2597 namque
1307 2513 1418 2596 breves
1434 2526 1508 2576 sunt

559 2611 626 2676 dies
642 2613 711 2677 mei.
757 2614 875 2676 Verum
893 2625 928 2676 ut
944 2611 1049 2675 anima
1063 2613 1104 2676 de
1119 2613 1221 2676 carnis
1230 2616 1390 2697 ergastulo
1405 2614 1509 2678 laetior

558 2728 662 2796 exeat,
676 2715 716 2779 ad
732 2728 934 2801 conspectum
951 2714 1104 2795 Altissimi
1122 2715 1243 2798 gratias
1259 2737 1316 2800 pro
1331 2715 1510 2781 benefacto·

556 2815 645 2881 ribus
667 2829 788 2891 actura,
805 2816 846 2881 ad
863 2815 959 2903 pedes
974 2814 1147 2879 clementiae
1170 2829 1282 2880 vestrae
1305 2827 1373 2881 tota
1394 2818 1509 2884 mentis

556 2920 732 2984 intentione
746 2921 838 3006 jaceo
860 2919 1060 3006 provolutus,
1077 2931 1113 2983 ut
1136 2918 1363 3004 professionem
1384 2920 1508 2985 abbatis

558 3024 657 3087 sancti
673 3023 861 3107 Augustini,
877 3045 974 3107 quam
990 3045 1097 3085 omnes
1116 3021 1360 3105 praedecessores
1375 3020 1436 3085 mei
1452 3022 1507 3085 ha-

557 3125 709 3201 buerunt,
723 3136 754 3187 et
778 3124 856 3186 mihi
871 3124 1052 3199 novissimo,
1075 3136 1107 3186 et
1121 3125 1263 3187 omniurn
1279 3123 1409 3187 minimo
1423 3147 1507 3189 nunc

555 3249 615 3312 pro
646 3228 725 3290 bene
748 3224 865 3311 placito
895 3239 1001 3288 vestro
1032 3226 1243 3301 subtrahitur,
1267 3227 1406 3290 ecclesiae
1428 3253 1506 3293 meaa

554 3328 739 3390 restituatis.
784 3325 850 3390 Hic
864 3340 912 3389 est
922 3324 1004 3388 enim
1020 3324 1111 3388 dolor
1120 3325 1173 3388 ille
1182 3327 1306 3405 unicus,
1321 3328 1379 3415 qui
1390 3353 1506 3414 corpus

553 3450 658 3491 meum
675 3427 865 3511 depascitur,
890 3426 1005 3490 lacerat
1021 3430 1159 3491 animum
1176 3427 1273 3492 imum
1290 3443 1321 3493 et
1342 3430 1504 3494 invalescit

554 3543 677 3595 tantum
694 3529 823 3593 hocsub
836 3542 962 3614 pectore
978 3528 1104 3605 vulnus,
1119 3541 1156 3592 ut
1166 3550 1216 3592 me
1226 3529 1382 3613 patienter
1392 3531 1502 3596 audiat

550 3632 716 3695 clementia
740 3644 865 3695 vestra:
893 3652 1010 3693 moeror
1032 3645 1063 3694 et
1094 3629 1199 3707 doleo,
1221 3631 1309 3717 quod
1341 3634 1505 3715 praeterita

549 3736 675 3819 hyeme,
687 3755 743 3796 nec
757 3732 788 3795 in
807 3754 869 3795 nna
883 3730 1096 3817 petitiuncula
1110 3730 1199 3816 potui
1222 3730 1380 3809 exaudiri,
1402 3755 1502 3818 quum

548 3835 694 3901 monachi
705 3839 737 3901 S.
750 3835 927 3918 Augustini
942 3848 1053 3898 contra
1067 3857 1118 3897 rue
1126 3833 1364 3899 multitudinem
1376 3835 1502 3899 obtinu-

546 3939 628 4002 erint
640 3939 826 4003 litterarum.
861 3935 1000 4002 Litteras
1023 3935 1103 4014 illas,
1118 3959 1199 4022 quas
1221 3934 1304 3999 solas
1319 3958 1377 4019 pro
1399 3936 1501 4012 nobis,

547 4038 587 4103 de
602 4038 730 4121 negotio
741 4038 797 4102 ilio
813 4036 912 4102 nostri
928 4036 1019 4101 vobis
1040 4037 1145 4100 nuntii
1156 4036 1343 4109 attuierunt,
1362 4036 1501 4099 Domino

544 4150 636 4210 teste,
649 4159 707 4221 pro
719 4137 896 4199 reverentia
906 4146 938 4200 et
950 4137 1068 4200 honore
1086 4149 1202 4216 vestro,
1214 4158 1309 4221 quem
1321 4138 1500 4202 conservari

543 4238 690 4304 desidero
708 4260 830 4322 semper
850 4236 998 4316 illaesum,
1023 4238 1103 4300 nulli
1125 4238 1231 4302 adhuc
1253 4237 1374 4301 credidi
1395 4255 1500 4303 osten-

543 4340 673 4406 dendas,
708 4341 792 4423 Ego,
803 4362 901 4423 quum
914 4338 977 4401 itlis
988 4343 1103 4424 placet,
1116 4364 1155 4403 ex
1167 4340 1317 4405 mandato
1330 4355 1445 4421 vestro,
1456 4342 1496 4404 ad

545 4450 812 4529 suffraganeorum
829 4465 970 4506 meorum
989 4442 1128 4507 tribunal
1144 4444 1312 4529 protrahor
1323 4461 1354 4509 et
1368 4446 1498 4509 invitus.
