3875 5725
492 842 551 906 172
746 858 884 903 roaruus
900 857 1175 905 sannsanarunsls
1340 841 1385 919 [A.
1403 860 1435 902 o.

488 1030 625 1075 mensem
648 1021 679 1073 et
702 1009 871 1072 monachos
895 1008 1132 1073 Cantuariensis
1154 1005 1306 1082 ecclesiae,
1329 1008 1439 1093 appel-

488 1109 613 1175 lationis
628 1110 748 1175 auxilio
760 1133 862 1196 nuper
873 1111 913 1174 ad
926 1133 1057 1174 examen
1069 1109 1278 1197 apostolicum
1290 1134 1308 1172 a
1323 1111 1439 1174 nostris

492 1211 639 1276 manibus
669 1212 829 1284 evolavit;
869 1236 906 1275 ea
935 1227 983 1276 est
1005 1211 1198 1298 hujusmodi.
1243 1215 1442 1275 Memoratus

489 1312 572 1375 Rad.
588 1311 710 1376 reditus
726 1311 781 1375 lxx
794 1311 958 1387 librarum,
975 1335 1056 1396 quos
1071 1315 1102 1375 in
1115 1311 1245 1373 ecclesia
1258 1310 1438 1375 Dovurensi

487 1412 655 1490 habuerat,
678 1412 780 1476 officio
802 1425 910 1476 nostro
932 1414 992 1477 sibi
1015 1412 1138 1477 restitui
1161 1411 1357 1496 postulabat,
1380 1423 1437 1474 aut

488 1514 619 1578 aliorum
643 1513 806 1577 redituum
831 1537 955 1599 aequam
974 1515 1294 1599 recompensationem
1312 1512 1374 1576 sibi
1389 1536 1439 1575 re·

488 1615 680 1703 ponderari;
710 1615 817 1679 dicens
839 1640 891 1680 eos
913 1617 954 1680 ad
977 1616 1037 1680 hoc
1066 1617 1165 1681 teneri
1188 1639 1227 1679 ex
1245 1617 1440 1699 juramento,

489 1718 578 1805 quod
599 1717 739 1782 Auricus
762 1718 962 1783 Camerarius
984 1719 1110 1782 nomine
1132 1742 1171 1782 ex
1194 1717 1344 1780 mandato
1366 1741 1438 1782 con-

488 1833 600 1886 ventus
616 1819 774 1904 praestitit,
792 1820 922 1904 quando
938 1819 1022 1883 Rad.
1045 1821 1149 1898 cessit,
1167 1834 1202 1885 ut
1224 1821 1257 1884 in
1276 1819 1437 1882 ecclesiam

488 1925 631 1986 Dovurae
660 1919 804 1982 monachi
835 1918 1088 2002 ingrederentur.
1136 1924 1208 1984 Hoc
1245 1943 1374 2007 quoque
1405 1942 1437 1982 se

489 2020 640 2105 legitimis
661 2019 797 2082 testibus
817 2017 961 2104 promisit
985 2019 1206 2102 probaturum.
1252 2019 1346 2082 Prior
1366 2042 1441 2082 vero

490 2132 523 2183 et
537 2118 682 2182 monachi
697 2119 777 2180 hanc
787 2118 857 2202 ejus
867 2117 1053 2199 petitionem
1066 2117 1188 2180 inanem
1205 2141 1271 2182 esse
1281 2118 1440 2194 dicebant,

490 2244 528 2283 eo
549 2220 637 2306 quod
660 2217 718 2282 sibi
742 2240 864 2302 semper
886 2217 1040 2302 praedicta
1061 2222 1206 2302 pactione
1228 2221 1259 2282 in
1282 2221 1442 2303 assignato

489 2321 596 2386 reditu
613 2323 711 2385 fuerit
733 2320 951 2392 satisfactum
983 2319 1166 2401 adjicientes
1182 2344 1213 2383 se
1236 2334 1363 2407 paratos
1375 2347 1442 2386 esse

490 2421 530 2485 ad
546 2421 658 2486 calculi
668 2421 820 2485 rationem
837 2421 996 2494 accedere,
1007 2434 1047 2484 ut
1060 2420 1227 2505 suppleant
1239 2443 1298 2506 pro
1310 2422 1442 2486 arbitrio

490 2521 564 2586 boni
575 2524 645 2603 viri,
656 2523 682 2585 si
695 2522 774 2607 quid
787 2522 815 2584 ei
827 2523 961 2586 ulterius
970 2522 1179 2607 competierit.
1212 2523 1263 2585 Ad
1276 2523 1344 2586 haec
1356 2524 1439 2587 Rad.

488 2649 520 2690 se
536 2625 615 2689 citra
630 2624 823 2688 audientiam
840 2638 976 2688 vestram
992 2625 1122 2688 minime
1142 2647 1237 2710 super
1254 2626 1322 2688 haec
1338 2625 1441 2710 litiga-

490 2739 600 2790 turum
616 2723 790 2810 respondit,
806 2724 945 2788 invitans
956 2723 1097 2788 Priorem
1114 2738 1146 2788 et
1164 2727 1332 2789 monachos
1347 2748 1443 2811 super

492 2826 635 2915 praestito
640 2826 823 2914 juramento
832 2826 872 2890 ad
882 2841 1021 2891 vestrum
1033 2850 1175 2907 examen,
1185 2842 1216 2894 et
1226 2829 1362 2914 priorem
1374 2852 1443 2914 spe·

493 2930 625 3006 cialiter,
638 2942 669 2995 et
688 2928 776 3014 Hug.
792 2931 920 2993 fratrem
936 2931 1006 3016 ejus
1018 2953 1114 3016 super
1129 2944 1314 3016 contemptu
1328 2946 1444 3007 vestro,

494 3056 532 3095 eo
555 3032 643 3117 quod
665 3035 698 3096 in
721 3032 871 3117 parochia
892 3032 979 3094 illius
1002 3034 1208 3117 protectionis
1230 3047 1343 3096 restrae
1365 3056 1445 3118 prae·

494 3133 574 3197 sidio
584 3133 771 3218 gaudentes,
783 3156 834 3195 me
842 3133 943 3195 invito
958 3145 1069 3196 contra
1079 3134 1164 3220 juris
1177 3137 1382 3199 reverentiam
1395 3160 1444 3198 ca-

491 3234 607 3319 pellam
618 3238 862 3308 construxerint,
872 3234 1010 3317 praefixit
1022 3236 1132 3319 itaque
1147 3237 1316 3301 terminum
1332 3238 1442 3300 Domi·

493 3334 593 3396 nicam
610 3333 642 3397 in
658 3336 753 3397 ramis
767 3332 957 3420 palmarum.

754 3454 776 3492 a

639 3649 860 3713 EPISTOLA
884 3651 1125 3714 duxlt-n)
1141 3669 1292 3714 nuruum.

731 3801 871 3864 Domino
890 3802 994 3883 Papae
1008 3801 1202 3865 Alemondro.

484 3936 489 3943 ’
538 3936 579 3999 In
610 3958 642 3999 se
671 3934 787 4020 ipsum,
819 3948 898 4001 teste
922 3935 1060 4009 Anania,
1084 3948 1234 4019 provocat
1259 3937 1444 4000 sententiam

494 4029 617 4112 mortis,
634 4035 690 4119 qui
708 4035 862 4119 Spiritum
881 4037 1042 4110 Sanctum,
1060 4035 1173 4099 merito
1188 4037 1358 4113 virtutum,
1376 4063 1445 4102 suc-

493 4134 639 4199 cessionis
650 4135 765 4217 gratia,
777 4137 990 4220 praerogativa
1001 4136 1083 4199 sedis
1094 4136 1290 4202 habitantem
1303 4142 1335 4202 in
1347 4141 1447 4219 vobis,

495 4236 604 4321 aliquo
634 4234 788 4299 mendacii
811 4236 886 4299 fuco
909 4236 1137 4302 circumvenire
1163 4242 1339 4325 praesumit,
1366 4265 1448 4327 prae·

496 4338 601 4406 sertim
613 4358 715 4422 quum
727 4337 759 4399 in
775 4337 977 4424 dispendium
990 4340 1085 4425 juris,
1100 4353 1132 4403 et
1144 4340 1276 4406 alterius
1289 4344 1447 4406 laesionem

496 4441 632 4509 mendax
662 4451 807 4525 precator
843 4440 1000 4525 invigilet.
1058 4443 1160 4508 Porro
1195 4446 1277 4510 lator
1311 4466 1449 4528 prasen-
