3875 5725
568 877 628 936 136
820 889 955 934 roxnms
971 888 1250 933 saaasunnmnsrs
1419 867 1464 947 [x.
1482 888 1513 932 o.

565 1041 637 1107 Dei.
675 1041 767 1107 Prior
782 1064 912 1128 quoque
924 1040 1062 1105 Plinton.
1080 1052 1111 1103 et
1122 1037 1221 1104 abbas
1232 1037 1414 1114 Tavistocb,
1427 1037 1453 1101 si
1468 1050 1515 1102 ta-

565 1165 636 1207 men
652 1146 781 1229 sapiunt
796 1163 917 1230 pacem.
962 1146 1008 1208 Et
1024 1156 1060 1207 tu
1076 1143 1102 1206 si
1120 1155 1211 1228 potes
1226 1142 1292 1206 sine
1314 1139 1514 1226 turpitudine

564 1244 762 1309 conscientiae
783 1256 815 1307 et
841 1244 935 1308 famae
960 1241 1117 1307 declinare
1142 1242 1389 1328 indignationem
1415 1264 1515 1304 aemu-

565 1345 680 1424 lorum,
694 1346 727 1409 id
743 1345 848 1410 facias.
888 1350 971 1410 Nam
988 1368 1062 1430 quae
1077 1368 1154 1408 cura
1168 1343 1208 1407 de
1220 1342 1416 1409 mobilibusi
1440 1345 1513 1424 Ego

565 1461 597 1512 te
613 1468 674 1511 non
690 1470 777 1522 curo,
795 1447 853 1512 nisi
874 1447 1036 1533 praecipue
1062 1468 1164 1510 mores
1188 1445 1358 1510 curaveris.
1403 1443 1513 1507 Valete

563 1568 635 1613 cum
647 1547 800 1614 fratribus
811 1549 899 1624 meis,
911 1561 943 1614 et
958 1548 1039 1628 aliis,
1049 1547 1089 1611 de
1104 1547 1224 1634 quibus
1234 1559 1345 1632 optare
1360 1546 1512 1610 debemus

563 1660 601 1713 ut
616 1650 752 1713 valeant.
798 1648 870 1714 Hoc
885 1650 945 1716 tibi
965 1649 1196 1735 impertiuntur
1217 1647 1380 1712 domestici
1401 1647 1510 1723 nostri,

563 1772 646 1836 quos
661 1749 764 1816 valere
781 1751 952 1816 desideras.

870 2037 1091 2101 EPIsTOLA
1115 2038 1205 2100 XCI.

606 2196 757 2257 Guarrts
773 2206 911 2278 quantas
926 2216 1054 2279 possum
1073 2193 1175 2258 resero
1191 2192 1379 2258 sublimitati
1391 2206 1422 2257 et
1438 2193 1511 2256 fidei

562 2307 686 2368 vestrae,
702 2317 776 2380 quae
790 2316 840 2356 me
856 2317 912 2380 per
928 2307 975 2359 tot
991 2309 1147 2359 terrarum
1163 2310 1195 2360 et
1212 2295 1305 2359 maris
1320 2295 1422 2378 spatia
1439 2295 1510 2378 dig-

561 2409 637 2459 nata
651 2409 697 2460 est
714 2395 822 2481 scripti
835 2395 884 2460 sui
900 2396 1012 2461 solatio
1024 2419 1172 2461 recreare.
1211 2399 1365 2461 Fortunae
1380 2394 1509 2482 quidem

561 2497 728 2573 saevitiam,
744 2497 822 2560 dum
838 2498 869 2561 in
887 2514 1062 2586 utrumqne
1085 2512 1227 2563 nostrum
1252 2498 1401 2562 saeviebat
1418 2497 1511 2560 vehes

560 2613 682 2663 menter
696 2599 859 2678 exhorrui,
875 2600 929 2664 sed
945 2624 985 2664 ex
1009 2625 1071 2685 qno
1086 2600 1218 2687 spiritns
1232 2601 1311 2685 ejus,
1326 2599 1416 2664 vobis
1438 2600 1510 2664 red-

560 2700 628 2766 dita
648 2701 755 2788 quiete
777 2701 950 2777 detumuit,
965 2725 1074 2768 auram
1091 2702 1181 2780 mibi,
1195 2719 1227 2767 et
1249 2702 1274 2765 si
1297 2724 1359 2765 non
1383 2701 1511 2780 sentire,

559 2801 610 2867 vel
625 2815 721 2879 certe,
732 2815 860 2869 anctore
874 2803 1026 2885 Domino,
1036 2815 1067 2869 et
1080 2817 1186 2871 vestra
1196 2803 1331 2869 faciente
1341 2802 1509 2881 industria,

560 2909 739 2993 prospicere
770 2906 880 2971 videor
909 2906 1078 2973 mitiorem.
1128 2908 1221 2985 Quod
1252 2907 1278 2970 si
1307 2907 1510 2992 exigentibus

562 3008 698 3091 peccatis
713 3008 800 3089 meis,
812 3032 901 3096 spem
918 3032 1032 3091 meam,
1043 3009 1130 3096 quod
1146 3009 1240 3092 absit,
1251 3009 1318 3073 falli
1332 3008 1511 3093 contigerit,

560 3108 637 3172 forti
653 3124 684 3172 ct
699 3110 774 3173 laeto
788 3110 893 3173 animo
907 3133 965 3196 per
981 3110 1228 3175 misericordiam
1251 3110 1381 3174 Domini
1395 3131 1511 3194 corpus

561 3233 665 3274 meum
682 3210 808 3293 flagello
823 3211 1065 3296 dispensationis
1079 3211 1196 3277 divinae
1212 3212 1390 3299 subjiciam,
1405 3225 1511 3276 certus

560 3311 647 3395 quod
662 3310 751 3374 nulla
765 3312 891 3375 nocebit
906 3311 1091 3391 adversitas,
1106 3312 1132 3375 si
1146 3314 1325 3399 iniquitatis
1335 3315 1419 3400 jugo
1429 3313 1510 3377 colia

559 3412 758 3477 subtraxero.
804 3415 905 3476 Porro
934 3415 1050 3478 mentis
1081 3437 1159 3479 meas
1191 3415 1355 3499 angustias
1384 3428 1508 3479 serenat

559 3513 776 3579 testimonium
791 3514 990 3579 conscientiae
1011 3514 1197 3587 innocentis,
1211 3537 1285 3601 quae
1301 3514 1386 3579 iilius
1408 3515 1507 3580 solius

558 3625 685 3678 veretur
702 3614 874 3699 judicium,
891 3629 964 3680 ante
987 3616 1080 3701 cujus
1102 3613 1243 3679 tribunal
1265 3614 1452 3679 convenient
1474 3615 1506 3677 in

558 3715 647 3781 brevi
662 3716 751 3780 dives
766 3730 797 3781 et
820 3740 952 3803 pauper,
968 3730 1000 3782 et
1023 3729 1178 3802 cogentur
1198 3738 1306 3780 omnes
1327 3716 1385 3781 filii
1407 3716 1507 3780 bomi-

558 3840 635 3882 num
651 3841 710 3905 pro
726 3842 758 3883 se
773 3819 904 3883 reddere
918 3820 1083 3884 rationem.
1121 3821 1281 3883 Caeterum
1295 3818 1506 3883 innocentiam

557 3943 659 3984 meam
677 3921 753 4008 quid
770 3922 883 3987 attinet
899 3946 1060 3999 excusare,
1076 3945 1178 4010 quum
1193 3945 1262 3985 earn
1277 3923 1426 3986 sanctitas
1438 3945 1506 3985 ves·

557 4034 607 4084 tra
621 4023 746 4107 plenius
761 4038 792 4089 et
808 4025 936 4109 planius
952 4025 1101 4089 noverit?
1133 4026 1222 4088 Sicut
1242 4025 1338 4088 fuerit
1361 4024 1507 4087 voluntas

556 4121 588 4184 in
615 4123 706 4199 coelo,
733 4122 777 4186 sic
801 4126 865 4189 flat.
913 4126 968 4189 Bis
993 4125 1112 4201 exulat,
1136 4124 1193 4210 qui
1219 4124 1304 4189 domi
1331 4126 1453 4204 exulat,
1473 4140 1504 4191 et

482 4292 486 4299 ,
555 4224 792 4309 peregrinantes
814 4226 986 4302 interdum,
1005 4226 1139 4311 gratiam
1163 4228 1384 4312 praeordinatae
1406 4228 1504 4293 felici-

556 4324 628 4391 tatis
643 4348 705 4390 non
721 4326 845 4391 deserit.
1234 4335 1237 4338 ’
