3875 5725
584 841 643 900 176
838 852 976 896 roauurs
991 851 1272 896 saussauuruusrs
1442 829 1486 911 [A.
1505 854 1534 897 o.

582 1017 691 1068 nostra
717 1024 897 1090 processum
925 1003 965 1066 sit
992 1003 1023 1065 in
1054 1024 1149 1066 causa
1177 1002 1403 1064 monachorum
1434 1003 1536 1066 sancti

584 1105 706 1170 Bertini
722 1127 817 1190 super
831 1103 963 1167 ecclesia
979 1103 1018 1167 de
1035 1103 1194 1167 Chilham.
1232 1102 1358 1167 Nobilis
1370 1103 1418 1166 vir
1434 1106 1536 1188 Hugo

583 1209 623 1273 de
645 1212 773 1272 Dovera
795 1231 814 1270 a
835 1207 928 1272 nobis
951 1231 991 1270 ex
1014 1206 1164 1270 mandato
1186 1218 1291 1269 vestro
1312 1204 1536 1284 commonitus,

583 1323 619 1377 ut
648 1311 814 1397 praefatam
845 1309 1007 1373 ecclesiam
1037 1333 1109 1373 cum
1140 1308 1318 1392 ablatorum
1349 1309 1535 1393 integritate

582 1415 762 1479 restitueret
780 1411 951 1491 monachis,
967 1414 1023 1498 qui
1040 1435 1072 1475 se
1091 1412 1132 1476 ab
1155 1434 1192 1473 eo
1209 1410 1361 1474 violenter
1383 1410 1534 1494 spoliatos

580 1541 646 1581 esse
665 1516 959 1602 conquerebantur:
983 1513 1146 1600 respondit
1165 1513 1209 1576 eis
1229 1512 1317 1575 nullo
1348 1514 1422 1598 jure
1445 1512 1538 1576 resti·

583 1618 738 1682 tutionem
755 1628 943 1698 competere,
955 1638 1056 1700 quum
1074 1613 1206 1677 destitui
1219 1636 1280 1675 non
1298 1614 1461 1697 potuerint
1477 1612 1535 1699 qui

582 1740 744 1804 nunquam
762 1718 887 1781 fuerant
909 1717 1060 1782 instituti.
1106 1717 1330 1779 Detentionem
1354 1717 1380 1779 si
1402 1716 1533 1801 quidem

583 1842 688 1883 rerum
701 1818 864 1905 jamdictae
880 1819 1030 1894 ecclesiae,
1046 1841 1083 1881 ex
1101 1840 1165 1903 qua
1180 1817 1239 1881 niti
1255 1818 1454 1897 videbantur,
1470 1841 1533 1881 non

584 1944 653 1997 suo,
676 1920 731 1983 sed
754 1919 879 1982 nornine
905 1919 1007 1981 alieno
1033 1917 1182 1982 habuisse
1207 1917 1343 1995 dicebat,
1365 1919 1532 2004 cujusdam

584 2022 700 2086 scilicet
728 2020 860 2095 Odonis,
887 2042 983 2104 quem
1014 2041 1071 2082 nos
1095 2021 1156 2105 ipsi
1180 2021 1302 2106 scimus
1330 2036 1532 2086 memoratam

583 2123 743 2188 ecclesiam
761 2121 950 2207 possedisse:
983 2121 1037 2185 sed
1061 2122 1148 2209 quod
1173 2121 1201 2184 ei
1224 2122 1461 2200 renuntiaverit,
1476 2139 1533 2186 aut

584 2247 651 2288 eam
668 2224 720 2286 alii
736 2223 865 2287 cesserit
881 2223 1008 2308 penitus
1023 2223 1213 2306 ignoramus.
1253 2224 1387 2286 Certum
1402 2245 1532 2308 quoque

583 2326 737 2390 habemus
751 2323 1006 2388 archidiaconum
1028 2337 1181 2404 nostrum,
1198 2327 1254 2410 qui
1267 2347 1352 2393 nunc
1375 2339 1422 2388 est
1446 2324 1533 2388 Ebo-

584 2429 719 2492 racensis
734 2425 999 2513 archiepiscopus,
1015 2426 1227 2513 appellatione
1250 2428 1437 2512 interposita
1461 2450 1535 2512 pro-

584 2530 736 2605 hibuisse,
750 2551 791 2592 ne
806 2529 950 2592 monachi
973 2529 1069 2593 rebus
1088 2528 1175 2593 illius
1199 2527 1337 2592 ecclesiae
1359 2553 1392 2593 se
1413 2530 1533 2594 immis-

584 2644 700 2696 cerent.
740 2632 965 2706 Veruntamen,
977 2631 1052 2715 quia
1062 2630 1130 2694 dies
1142 2631 1216 2693 mali
1231 2644 1333 2706 erant,
1346 2646 1378 2696 et
1393 2632 1532 2694 famosus

585 2733 638 2798 ille
662 2747 828 2820 tyrannus,
849 2746 880 2796 et
905 2732 1044 2796 ecclesiae
1066 2745 1182 2796 nostrae
1204 2733 1409 2818 gravissimus
1431 2757 1533 2818 perse-

585 2851 705 2924 quutor
727 2835 907 2904 Willelmus
931 2835 971 2901 de
992 2839 1092 2923 Ypra‚
1113 2836 1164 2901 cui
1184 2835 1360 2922 jamdictus
1384 2835 1456 2901 Odo
1478 2835 1534 2901 ad·

584 2941 737 3014 haerebat,
753 2941 869 3006 nostris
883 2941 1042 3026 capitibus
1062 2940 1258 3015 imminebat,
1274 2963 1398 3004 necesse
1423 2941 1535 3004 habui-

584 3066 657 3107 mus
682 3042 890 3121 dissimulare,
911 3042 1040 3127 quando
1063 3043 1254 3126 patrimonio
1279 3042 1436 3107 Willelmi
1461 3064 1534 3106 con-

585 3158 707 3231 tempta
736 3144 947 3230 appellatione
978 3144 1123 3207 monachi
1153 3167 1202 3208 res
1228 3144 1360 3221 Odonis,
1386 3144 1442 3231 qui
1473 3145 1532 3208 sibi

585 3247 800 3332 prospiciebat
825 3250 858 3309 in
888 3260 1061 3331 posterum,
1087 3247 1214 3310 nomine
1243 3248 1313 3333 ejus
1338 3262 1533 3312 contrectare

585 3360 761 3431 coeperunt.
800 3349 958 3410 Praeterea
973 3348 1066 3411 etiarn
1084 3348 1109 3410 si
1125 3362 1281 3414 constaret
1294 3352 1464 3413 monachos
1476 3373 1532 3414 suo

584 3449 710 3513 nomine
740 3449 926 3533 possedisse,
957 3449 1141 3533 petitionem
1173 3474 1282 3515 eorum
1315 3451 1531 3524 submovebat,

585 3551 692 3615 dicens
707 3573 760 3614 eos
775 3552 961 3637 possessioni
986 3566 1017 3615 et
1040 3551 1090 3615 liti
1113 3554 1320 3629 renuntiasse,
1335 3553 1465 3640 quando
1488 3555 1533 3618 eis

587 3655 710 3719 fructus
737 3652 874 3717 ecclesiae
898 3667 1059 3739 asportare
1083 3656 1239 3739 permisit,
1262 3656 1396 3720 offerens
1418 3680 1450 3720 se
1473 3658 1532 3721 hoc

585 3756 847 3822 sufficientissime
872 3757 1092 3843 probaturum.
1138 3759 1244 3835 Quum
1272 3780 1348 3841 ergo
1375 3758 1464 3823 miles
1487 3762 1533 3821 in·

585 3874 694 3936 staret,
711 3873 748 3925 ut
770 3861 915 3924 monachi
937 3883 1026 3924 suam
1048 3860 1220 3923 fundarent
1242 3861 1461 3935 intentionem,
1477 3874 1533 3923 aut

583 3963 775 4048 exceptionis
797 3965 866 4049 ejus
888 3964 1111 4028 admitteretur
1134 3963 1291 4048 probatio,
1312 3960 1456 4023 monachi
1480 3960 1533 4024 de-

584 4063 736 4127 clinantes
758 4063 939 4128 conflictum
964 4088 996 4127 se
1018 4065 1098 4127 citra
1123 4061 1332 4146 cognitionem
1358 4083 1462 4127 causae
1486 4086 1533 4126 re-

584 4164 673 4229 stitui
688 4164 901 4247 postulabant.
943 4166 993 4228 Ad
1008 4166 1075 4230 baec
1087 4164 1175 4228 miles
1187 4175 1323 4226 vestram
1336 4163 1532 4249 majestatem

582 4287 645 4328 non
661 4264 857 4350 praecepisse,
874 4279 909 4329 ut
927 4265 972 4327 illi
988 4268 1239 4341 instituerentur,
1256 4264 1310 4328 sed
1332 4265 1534 4329 restitueren-

584 4379 649 4444 tur,
665 4378 697 4429 et
719 4387 758 4427 ex
775 4365 872 4428 verbo
894 4366 1116 4444 restitutionis,
1132 4368 1201 4431 aliis
1223 4392 1298 4453 quae
1320 4368 1352 4432 in
1376 4390 1464 4431 sacro
1486 4389 1534 4430 re·

584 4469 702 4555 scripto
718 4482 822 4533 vestro
833 4467 1086 4546 continebantur,
1098 4492 1202 4534 causae
1217 4471 1428 4555 cognitionem
1444 4470 1534 4534 nobis
