<?xml version="1.0" encoding="UTF-8"?>
<!DOCTYPE html PUBLIC "-//W3C//DTD XHTML 1.0 Transitional//EN"
    "http://www.w3.org/TR/xhtml1/DTD/xhtml1-transitional.dtd">
<html xmlns="http://www.w3.org/1999/xhtml" xml:lang="en" lang="en">
 <head>
  <title>
</title>
<meta http-equiv="Content-Type" content="text/html;charset=utf-8" />
  <meta name='ocr-system' content='tesseract 3.04.00' />
  <meta name='ocr-capabilities' content='ocr_page ocr_carea ocr_par ocr_line ocrx_word'/>
</head>
<body>
  <div class='ocr_page' id='page_1' title='image "./joannissaresber01johngoog_0167.png"; bbox 0 0 3875 5725; ppageno 0'>
   <div class='ocr_carea' id='block_1_1' title="bbox 418 845 1369 926">
    <p class='ocr_par' dir='ltr' id='par_1_1' title="bbox 418 845 1369 926">
     <span class='ocr_line' id='line_1_1' title="bbox 418 845 1369 926; baseline -0.001 -18"><span class='ocrx_word' id='word_1_1' title='bbox 418 845 615 926; x_wconf 60' lang='lat' dir='ltr'><strong>llos-64]</strong></span> <span class='ocrx_word' id='word_1_2' title='bbox 804 861 981 906; x_wconf 76' lang='lat' dir='ltr'><strong>sersronm.</strong></span> <span class='ocrx_word' id='word_1_3' title='bbox 1309 849 1369 908; x_wconf 82' lang='grc'><strong>149</strong></span> 
     </span>
    </p>
   </div>
   <div class='ocr_carea' id='block_1_2' title="bbox 362 1010 1449 2919">
    <p class='ocr_par' dir='ltr' id='par_1_2' title="bbox 362 1010 1449 2919">
     <span class='ocr_line' id='line_1_2' title="bbox 414 1010 1368 1100; baseline -0.002 -23"><span class='ocrx_word' id='word_1_4' title='bbox 414 1029 532 1100; x_wconf 88' lang='lat' dir='ltr'><strong>gatam.</strong></span> <span class='ocrx_word' id='word_1_5' title='bbox 579 1012 711 1076; x_wconf 90' lang='lat' dir='ltr'><strong>Illarum</strong></span> <span class='ocrx_word' id='word_1_6' title='bbox 726 1013 846 1097; x_wconf 87' lang='lat' dir='ltr'>quippe</span> <span class='ocrx_word' id='word_1_7' title='bbox 861 1011 1000 1095; x_wconf 87' lang='lat' dir='ltr'><strong>regimen</strong></span> <span class='ocrx_word' id='word_1_8' title='bbox 1017 1010 1199 1097; x_wconf 86' lang='lat' dir='ltr'><strong>suscepistis</strong></span> <span class='ocrx_word' id='word_1_9' title='bbox 1210 1034 1229 1075; x_wconf 82' lang='lat' dir='ltr'><strong>a</strong></span> <span class='ocrx_word' id='word_1_10' title='bbox 1239 1011 1368 1076; x_wconf 87' lang='lat' dir='ltr'><strong>Clunia·</strong></span> 
     </span>
     <span class='ocr_line' id='line_1_3' title="bbox 414 1111 1368 1197; baseline -0.002 -19"><span class='ocrx_word' id='word_1_11' title='bbox 414 1115 560 1179; x_wconf 86' lang='lat' dir='ltr'><strong>censibus</strong></span> <span class='ocrx_word' id='word_1_12' title='bbox 578 1111 729 1178; x_wconf 89' lang='lat' dir='ltr'><strong>absoluti.</strong></span> <span class='ocrx_word' id='word_1_13' title='bbox 775 1114 847 1190; x_wconf 82' lang='lat' dir='ltr'><strong>Qua</strong></span> <span class='ocrx_word' id='word_1_14' title='bbox 867 1136 942 1197; x_wconf 87' lang='lat' dir='ltr'><strong>ergo</strong></span> <span class='ocrx_word' id='word_1_15' title='bbox 957 1112 1080 1176; x_wconf 87' lang='lat' dir='ltr'><strong>ratione</strong></span> <span class='ocrx_word' id='word_1_16' title='bbox 1102 1112 1142 1175; x_wconf 89' lang='lat' dir='ltr'><strong>ab</strong></span> <span class='ocrx_word' id='word_1_17' title='bbox 1158 1111 1226 1175; x_wconf 91' lang='lat' dir='ltr'><strong>istis</strong></span> <span class='ocrx_word' id='word_1_18' title='bbox 1241 1111 1282 1174; x_wconf 88' lang='lat' dir='ltr'><strong>ad</strong></span> <span class='ocrx_word' id='word_1_19' title='bbox 1297 1111 1368 1176; x_wconf 87' lang='lat' dir='ltr'><strong>ilios</strong></span> 
     </span>
     <span class='ocr_line' id='line_1_4' title="bbox 414 1213 1401 1300; baseline -0.004 -20"><span class='ocrx_word' id='word_1_20' title='bbox 414 1216 612 1281; x_wconf 85' lang='lat' dir='ltr'><strong>divertistis?</strong></span> <span class='ocrx_word' id='word_1_21' title='bbox 644 1215 811 1300; x_wconf 89' lang='lat' dir='ltr'><strong>Numquid</strong></span> <span class='ocrx_word' id='word_1_22' title='bbox 829 1238 957 1300; x_wconf 86' lang='lat' dir='ltr'><strong>aequum</strong></span> <span class='ocrx_word' id='word_1_23' title='bbox 979 1227 1040 1290; x_wconf 90' lang='lat' dir='ltr'><strong>est,</strong></span> <span class='ocrx_word' id='word_1_24' title='bbox 1056 1214 1125 1278; x_wconf 89' lang='lat' dir='ltr'><strong>istis</strong></span> <span class='ocrx_word' id='word_1_25' title='bbox 1146 1214 1367 1290; x_wconf 65' lang='lat' dir='ltr'><strong>esurientibus</strong></span> <span class='ocrx_word' id='word_1_26' title='bbox 1398 1213 1401 1219; x_wconf 76' lang='grc'><strong>’</strong></span> 
     </span>
     <span class='ocr_line' id='line_1_5' title="bbox 414 1315 1368 1404; baseline -0.002 -23"><span class='ocrx_word' id='word_1_27' title='bbox 414 1342 522 1382; x_wconf 90' lang='lat' dir='ltr'><strong>eorum</strong></span> <span class='ocrx_word' id='word_1_28' title='bbox 535 1341 616 1404; x_wconf 89' lang='lat' dir='ltr'><strong>pane</strong></span> <span class='ocrx_word' id='word_1_29' title='bbox 631 1317 701 1380; x_wconf 87' lang='lat' dir='ltr'><strong>illos</strong></span> <span class='ocrx_word' id='word_1_30' title='bbox 717 1317 842 1381; x_wconf 89' lang='lat' dir='ltr'><strong>satiari?</strong></span> <span class='ocrx_word' id='word_1_31' title='bbox 869 1319 949 1380; x_wconf 85' lang='lat' dir='ltr'><strong>Haec</strong></span> <span class='ocrx_word' id='word_1_32' title='bbox 960 1339 1023 1380; x_wconf 89' lang='lat' dir='ltr'><strong>non</strong></span> <span class='ocrx_word' id='word_1_33' title='bbox 1034 1315 1130 1379; x_wconf 91' lang='lat' dir='ltr'><strong>modo</strong></span> <span class='ocrx_word' id='word_1_34' title='bbox 1141 1315 1263 1378; x_wconf 90' lang='lat' dir='ltr'><strong>domiui</strong></span> <span class='ocrx_word' id='word_1_35' title='bbox 1273 1317 1368 1400; x_wconf 87' lang='lat' dir='ltr'><strong>regis,</strong></span> 
     </span>
     <span class='ocr_line' id='line_1_6' title="bbox 414 1419 1368 1505; baseline -0.003 -21"><span class='ocrx_word' id='word_1_36' title='bbox 414 1421 468 1484; x_wconf 91' lang='lat' dir='ltr'><strong>sed</strong></span> <span class='ocrx_word' id='word_1_37' title='bbox 484 1424 549 1485; x_wconf 87' lang='lat' dir='ltr'><strong>fere</strong></span> <span class='ocrx_word' id='word_1_38' title='bbox 560 1420 703 1483; x_wconf 91' lang='lat' dir='ltr'><strong>omnium</strong></span> <span class='ocrx_word' id='word_1_39' title='bbox 719 1419 848 1505; x_wconf 90' lang='lat' dir='ltr'><strong>querela</strong></span> <span class='ocrx_word' id='word_1_40' title='bbox 863 1432 920 1482; x_wconf 88' lang='lat' dir='ltr'><strong>est.</strong></span> <span class='ocrx_word' id='word_1_41' title='bbox 966 1421 1062 1484; x_wconf 84' lang='lat' dir='ltr'><strong>Certe</strong></span> <span class='ocrx_word' id='word_1_42' title='bbox 1076 1441 1115 1481; x_wconf 87' lang='lat' dir='ltr'><strong>an</strong></span> <span class='ocrx_word' id='word_1_43' title='bbox 1135 1421 1224 1504; x_wconf 90' lang='lat' dir='ltr'><strong>justa</strong></span> <span class='ocrx_word' id='word_1_44' title='bbox 1244 1422 1297 1495; x_wconf 90' lang='lat' dir='ltr'><strong>sit,</strong></span> <span class='ocrx_word' id='word_1_45' title='bbox 1313 1440 1368 1481; x_wconf 89' lang='lat' dir='ltr'><strong>vos</strong></span> 
     </span>
     <span class='ocr_line' id='line_1_7' title="bbox 362 1520 1369 1605; baseline 0 -22"><span class='ocrx_word' id='word_1_46' title='bbox 362 1602 363 1605; x_wconf 7' lang='grc' dir='ltr'><strong>Ἴ</strong></span> <span class='ocrx_word' id='word_1_47' title='bbox 416 1523 565 1587; x_wconf 81' lang='lat' dir='ltr'><strong>videritis</strong></span> <span class='ocrx_word' id='word_1_48' title='bbox 613 1521 773 1583; x_wconf 88' lang='lat' dir='ltr'><strong>Praeterea</strong></span> <span class='ocrx_word' id='word_1_49' title='bbox 785 1543 824 1582; x_wconf 88' lang='lat' dir='ltr'><strong>ex</strong></span> <span class='ocrx_word' id='word_1_50' title='bbox 839 1521 983 1583; x_wconf 90' lang='lat' dir='ltr'><strong>absentia</strong></span> <span class='ocrx_word' id='word_1_51' title='bbox 994 1531 1098 1583; x_wconf 84' lang='lat' dir='ltr'><strong>vestra</strong></span> <span class='ocrx_word' id='word_1_52' title='bbox 1110 1544 1142 1583; x_wconf 92' lang='lat' dir='ltr'><strong>se</strong></span> <span class='ocrx_word' id='word_1_53' title='bbox 1158 1520 1188 1582; x_wconf 92' lang='lat' dir='ltr'><strong>iu</strong></span> <span class='ocrx_word' id='word_1_54' title='bbox 1202 1521 1369 1584; x_wconf 86' lang='lat' dir='ltr'><strong>necessita-</strong></span> 
     </span>
     <span class='ocr_line' id='line_1_8' title="bbox 413 1619 1368 1708; baseline -0.004 -20"><span class='ocrx_word' id='word_1_55' title='bbox 413 1624 500 1689; x_wconf 90' lang='lat' dir='ltr'><strong>tibus</strong></span> <span class='ocrx_word' id='word_1_56' title='bbox 513 1623 603 1708; x_wconf 82' lang='lat' dir='ltr'><strong>regni</strong></span> <span class='ocrx_word' id='word_1_57' title='bbox 618 1646 637 1685; x_wconf 89' lang='lat' dir='ltr'><strong>a</strong></span> <span class='ocrx_word' id='word_1_58' title='bbox 652 1621 780 1685; x_wconf 90' lang='lat' dir='ltr'><strong>consilio</strong></span> <span class='ocrx_word' id='word_1_59' title='bbox 801 1635 906 1684; x_wconf 89' lang='lat' dir='ltr'><strong>vestro</strong></span> <span class='ocrx_word' id='word_1_60' title='bbox 921 1634 952 1684; x_wconf 91' lang='lat' dir='ltr'><strong>et</strong></span> <span class='ocrx_word' id='word_1_61' title='bbox 968 1621 1090 1684; x_wconf 84' lang='lat' dir='ltr'><strong>auxilio</strong></span> <span class='ocrx_word' id='word_1_62' title='bbox 1111 1619 1258 1705; x_wconf 91' lang='lat' dir='ltr'><strong>queritur</strong></span> <span class='ocrx_word' id='word_1_63' title='bbox 1272 1620 1368 1685; x_wconf 91' lang='lat' dir='ltr'><strong>desti·</strong></span> 
     </span>
     <span class='ocr_line' id='line_1_9' title="bbox 413 1718 1449 1810; baseline -0.005 -21"><span class='ocrx_word' id='word_1_64' title='bbox 413 1719 537 1801; x_wconf 89' lang='lat' dir='ltr'><strong>tutum,</strong></span> <span class='ocrx_word' id='word_1_65' title='bbox 550 1747 662 1810; x_wconf 88' lang='lat' dir='ltr'><strong>quum,</strong></span> <span class='ocrx_word' id='word_1_66' title='bbox 678 1723 816 1787; x_wconf 85' lang='lat' dir='ltr'><strong>Domino</strong></span> <span class='ocrx_word' id='word_1_67' title='bbox 832 1718 1050 1807; x_wconf 76' lang='lat' dir='ltr'><strong>praecipiente,</strong></span> <span class='ocrx_word' id='word_1_68' title='bbox 1067 1718 1186 1785; x_wconf 75' lang='lat' dir='ltr'><strong>Caesaci</strong></span> <span class='ocrx_word' id='word_1_69' title='bbox 1209 1722 1299 1809; x_wconf 85' lang='lat' dir='ltr'><strong>reddi</strong></span> <span class='ocrx_word' id='word_1_70' title='bbox 1315 1722 1370 1785; x_wconf 90' lang='lat' dir='ltr'><strong>de·</strong></span> <span class='ocrx_word' id='word_1_71' title='bbox 1448 1720 1449 1723; x_wconf 55' lang='grc'>’</span> 
     </span>
     <span class='ocr_line' id='line_1_10' title="bbox 415 1823 1367 1912; baseline -0.004 -21"><span class='ocrx_word' id='word_1_72' title='bbox 415 1827 509 1891; x_wconf 80' lang='lat' dir='ltr'><strong>beant</strong></span> <span class='ocrx_word' id='word_1_73' title='bbox 521 1849 594 1912; x_wconf 85' lang='lat' dir='ltr'><strong>quae</strong></span> <span class='ocrx_word' id='word_1_74' title='bbox 605 1837 678 1889; x_wconf 91' lang='lat' dir='ltr'><strong>sunt</strong></span> <span class='ocrx_word' id='word_1_75' title='bbox 692 1824 835 1889; x_wconf 82' lang='lat' dir='ltr'><strong>Caesaris.</strong></span> <span class='ocrx_word' id='word_1_76' title='bbox 859 1823 956 1888; x_wconf 91' lang='lat' dir='ltr'><strong>Unde</strong></span> <span class='ocrx_word' id='word_1_77' title='bbox 967 1824 1282 1907; x_wconf 85' lang='lat' dir='ltr'><strong>piurimisuaserunt,</strong></span> <span class='ocrx_word' id='word_1_78' title='bbox 1290 1837 1326 1889; x_wconf 90' lang='lat' dir='ltr'><strong>ut</strong></span> <span class='ocrx_word' id='word_1_79' title='bbox 1335 1825 1367 1887; x_wconf 92' lang='lat' dir='ltr'><strong>in</strong></span> 
     </span>
     <span class='ocr_line' id='line_1_11' title="bbox 414 1926 1369 2012; baseline -0.003 -20"><span class='ocrx_word' id='word_1_80' title='bbox 414 1951 522 1992; x_wconf 91' lang='lat' dir='ltr'><strong>omnes</strong></span> <span class='ocrx_word' id='word_1_81' title='bbox 538 1942 658 1991; x_wconf 90' lang='lat' dir='ltr'><strong>vestros</strong></span> <span class='ocrx_word' id='word_1_82' title='bbox 673 1926 786 1990; x_wconf 91' lang='lat' dir='ltr'><strong>durius</strong></span> <span class='ocrx_word' id='word_1_83' title='bbox 798 1940 916 2012; x_wconf 87' lang='lat' dir='ltr'><strong>ageret,</strong></span> <span class='ocrx_word' id='word_1_84' title='bbox 927 1940 958 1991; x_wconf 91' lang='lat' dir='ltr'><strong>et</strong></span> <span class='ocrx_word' id='word_1_85' title='bbox 971 1928 1002 1990; x_wconf 93' lang='lat' dir='ltr'><strong>in</strong></span> <span class='ocrx_word' id='word_1_86' title='bbox 1015 1929 1098 1990; x_wconf 91' lang='lat' dir='ltr'><strong>bona</strong></span> <span class='ocrx_word' id='word_1_87' title='bbox 1107 1927 1255 2002; x_wconf 88' lang='lat' dir='ltr'><strong>ecclesiae,</strong></span> <span class='ocrx_word' id='word_1_88' title='bbox 1269 1949 1369 2011; x_wconf 89' lang='lat' dir='ltr'><strong>usque</strong></span> 
     </span>
     <span class='ocr_line' id='line_1_12' title="bbox 415 2028 1387 2114; baseline -0.003 -20"><span class='ocrx_word' id='word_1_89' title='bbox 415 2031 455 2094; x_wconf 86' lang='lat' dir='ltr'><strong>ad</strong></span> <span class='ocrx_word' id='word_1_90' title='bbox 468 2031 633 2096; x_wconf 85' lang='lat' dir='ltr'><strong>thesauros</strong></span> <span class='ocrx_word' id='word_1_91' title='bbox 648 2029 787 2105; x_wconf 91' lang='lat' dir='ltr'><strong>intimos,</strong></span> <span class='ocrx_word' id='word_1_92' title='bbox 802 2052 930 2093; x_wconf 86' lang='lat' dir='ltr'><strong>manum</strong></span> <span class='ocrx_word' id='word_1_93' title='bbox 947 2028 1144 2093; x_wconf 87' lang='lat' dir='ltr'><strong>extenderet.</strong></span> <span class='ocrx_word' id='word_1_94' title='bbox 1167 2033 1241 2114; x_wconf 88' lang='lat' dir='ltr'><strong>Ipse</strong></span> <span class='ocrx_word' id='word_1_95' title='bbox 1252 2042 1368 2107; x_wconf 84' lang='lat' dir='ltr'><strong>tamen,</strong></span> <span class='ocrx_word' id='word_1_96' title='bbox 1385 2057 1387 2059; x_wconf 47' lang='lat'><strong><em>¹</em></strong></span> 
     </span>
     <span class='ocr_line' id='line_1_13' title="bbox 414 2129 1369 2207; baseline -0.002 -13"><span class='ocrx_word' id='word_1_97' title='bbox 414 2133 566 2196; x_wconf 86' lang='lat' dir='ltr'><strong>incitante</strong></span> <span class='ocrx_word' id='word_1_98' title='bbox 586 2155 618 2195; x_wconf 92' lang='lat' dir='ltr'><strong>se</strong></span> <span class='ocrx_word' id='word_1_99' title='bbox 635 2131 742 2207; x_wconf 87' lang='lat' dir='ltr'><strong>turba,</strong></span> <span class='ocrx_word' id='word_1_100' title='bbox 758 2130 898 2194; x_wconf 88' lang='lat' dir='ltr'><strong>continet</strong></span> <span class='ocrx_word' id='word_1_101' title='bbox 914 2153 1028 2195; x_wconf 87' lang='lat' dir='ltr'><strong>manus</strong></span> <span class='ocrx_word' id='word_1_102' title='bbox 1045 2152 1127 2206; x_wconf 86' lang='lat' dir='ltr'><strong>suas,</strong></span> <span class='ocrx_word' id='word_1_103' title='bbox 1143 2142 1174 2193; x_wconf 90' lang='lat' dir='ltr'><strong>et</strong></span> <span class='ocrx_word' id='word_1_104' title='bbox 1194 2129 1369 2192; x_wconf 88' lang='lat' dir='ltr'><strong>adventum</strong></span> 
     </span>
     <span class='ocr_line' id='line_1_14' title="bbox 415 2228 1369 2319; baseline -0.004 -23"><span class='ocrx_word' id='word_1_105' title='bbox 415 2244 748 2319; x_wconf 77' lang='lat' dir='ltr'><strong>vestrumutcuurque</strong></span> <span class='ocrx_word' id='word_1_106' title='bbox 769 2241 928 2316; x_wconf 85' lang='lat' dir='ltr'><strong>expectat.</strong></span> <span class='ocrx_word' id='word_1_107' title='bbox 975 2229 1069 2307; x_wconf 82' lang='lat' dir='ltr'><strong>Quod</strong></span> <span class='ocrx_word' id='word_1_108' title='bbox 1093 2232 1120 2293; x_wconf 92' lang='lat' dir='ltr'><strong>si</strong></span> <span class='ocrx_word' id='word_1_109' title='bbox 1142 2228 1315 2308; x_wconf 89' lang='lat' dir='ltr'><strong>ecclesiam,</strong></span> <span class='ocrx_word' id='word_1_110' title='bbox 1336 2240 1369 2292; x_wconf 91' lang='lat' dir='ltr'><strong>et</strong></span> 
     </span>
     <span class='ocr_line' id='line_1_15' title="bbox 414 2330 1370 2418; baseline -0.005 -20"><span class='ocrx_word' id='word_1_111' title='bbox 414 2343 522 2398; x_wconf 89' lang='lat' dir='ltr'><strong>omnes</strong></span> <span class='ocrx_word' id='word_1_112' title='bbox 539 2347 659 2398; x_wconf 85' lang='lat' dir='ltr'><strong>vestros</strong></span> <span class='ocrx_word' id='word_1_113' title='bbox 671 2332 730 2395; x_wconf 85' lang='lat' dir='ltr'><strong>hac</strong></span> <span class='ocrx_word' id='word_1_114' title='bbox 745 2331 969 2418; x_wconf 89' lang='lat' dir='ltr'><strong>provocatione</strong></span> <span class='ocrx_word' id='word_1_115' title='bbox 979 2335 1076 2416; x_wconf 85' lang='lat' dir='ltr'><strong>regiae</strong></span> <span class='ocrx_word' id='word_1_116' title='bbox 1087 2330 1298 2415; x_wconf 87' lang='lat' dir='ltr'><strong>indignationi</strong></span> <span class='ocrx_word' id='word_1_117' title='bbox 1315 2353 1370 2394; x_wconf 87' lang='lat' dir='ltr'><strong>ex-</strong></span> 
     </span>
     <span class='ocr_line' id='line_1_16' title="bbox 414 2433 1368 2520; baseline -0.003 -22"><span class='ocrx_word' id='word_1_118' title='bbox 414 2434 595 2520; x_wconf 85' lang='lat' dir='ltr'><strong>posueritis,</strong></span> <span class='ocrx_word' id='word_1_119' title='bbox 612 2433 788 2515; x_wconf 88' lang='lat' dir='ltr'><strong>timendum</strong></span> <span class='ocrx_word' id='word_1_120' title='bbox 807 2447 853 2497; x_wconf 91' lang='lat' dir='ltr'><strong>est</strong></span> <span class='ocrx_word' id='word_1_121' title='bbox 870 2456 908 2495; x_wconf 91' lang='lat' dir='ltr'><strong>ne</strong></span> <span class='ocrx_word' id='word_1_122' title='bbox 933 2433 1059 2496; x_wconf 90' lang='lat' dir='ltr'><strong>veniant</strong></span> <span class='ocrx_word' id='word_1_123' title='bbox 1085 2433 1206 2518; x_wconf 88' lang='lat' dir='ltr'><strong>majora</strong></span> <span class='ocrx_word' id='word_1_124' title='bbox 1220 2447 1320 2509; x_wconf 92' lang='lat' dir='ltr'><strong>metu,</strong></span> <span class='ocrx_word' id='word_1_125' title='bbox 1336 2444 1368 2496; x_wconf 92' lang='lat' dir='ltr'><strong>et</strong></span> 
     </span>
     <span class='ocr_line' id='line_1_17' title="bbox 415 2534 1369 2622; baseline 0 -24"><span class='ocrx_word' id='word_1_126' title='bbox 415 2560 481 2613; x_wconf 89' lang='lat' dir='ltr'><strong>vos,</strong></span> <span class='ocrx_word' id='word_1_127' title='bbox 511 2560 593 2622; x_wconf 90' lang='lat' dir='ltr'><strong>quos</strong></span> <span class='ocrx_word' id='word_1_128' title='bbox 626 2534 783 2598; x_wconf 89' lang='lat' dir='ltr'><strong>declinare</strong></span> <span class='ocrx_word' id='word_1_129' title='bbox 812 2557 874 2598; x_wconf 92' lang='lat' dir='ltr'><strong>non</strong></span> <span class='ocrx_word' id='word_1_130' title='bbox 905 2535 1005 2606; x_wconf 83' lang='lat' dir='ltr'><strong>vultis</strong></span> <span class='ocrx_word' id='word_1_131' title='bbox 1034 2535 1197 2619; x_wconf 85' lang='lat' dir='ltr'><strong>praevisos,</strong></span> <span class='ocrx_word' id='word_1_132' title='bbox 1228 2534 1369 2599; x_wconf 88' lang='lat' dir='ltr'><strong>sentiatis</strong></span> 
     </span>
     <span class='ocr_line' id='line_1_18' title="bbox 413 2635 1368 2723; baseline -0.001 -22"><span class='ocrx_word' id='word_1_133' title='bbox 413 2638 538 2701; x_wconf 83' lang='lat' dir='ltr'><strong>aculeos</strong></span> <span class='ocrx_word' id='word_1_134' title='bbox 561 2636 765 2723; x_wconf 90' lang='lat' dir='ltr'><strong>postmodum</strong></span> <span class='ocrx_word' id='word_1_135' title='bbox 790 2635 943 2700; x_wconf 77' lang='lat' dir='ltr'><strong>duriores</strong></span> <span class='ocrx_word' id='word_1_136' title='bbox 989 2639 1159 2700; x_wconf 91' lang='lat' dir='ltr'><strong>Precamur</strong></span> <span class='ocrx_word' id='word_1_137' title='bbox 1180 2660 1266 2722; x_wconf 85' lang='lat' dir='ltr'><strong>ergo,</strong></span> <span class='ocrx_word' id='word_1_138' title='bbox 1288 2648 1321 2698; x_wconf 88' lang='lat' dir='ltr'><strong>et</strong></span> <span class='ocrx_word' id='word_1_139' title='bbox 1335 2636 1368 2700; x_wconf 91' lang='lat' dir='ltr'><strong>in</strong></span> 
     </span>
     <span class='ocr_line' id='line_1_19' title="bbox 416 2734 1369 2823; baseline -0.001 -23"><span class='ocrx_word' id='word_1_140' title='bbox 416 2738 535 2801; x_wconf 88' lang='lat' dir='ltr'><strong>virtute</strong></span> <span class='ocrx_word' id='word_1_141' title='bbox 550 2736 692 2801; x_wconf 87' lang='lat' dir='ltr'><strong>caritatis</strong></span> <span class='ocrx_word' id='word_1_142' title='bbox 707 2735 901 2798; x_wconf 90' lang='lat' dir='ltr'><strong>consulimus</strong></span> <span class='ocrx_word' id='word_1_143' title='bbox 917 2749 953 2798; x_wconf 92' lang='lat' dir='ltr'><strong>ut</strong></span> <span class='ocrx_word' id='word_1_144' title='bbox 970 2734 1116 2812; x_wconf 86' lang='lat' dir='ltr'><strong>redeatis,</strong></span> <span class='ocrx_word' id='word_1_145' title='bbox 1131 2748 1162 2800; x_wconf 88' lang='lat' dir='ltr'><strong>et</strong></span> <span class='ocrx_word' id='word_1_146' title='bbox 1177 2759 1217 2799; x_wconf 86' lang='lat' dir='ltr'><strong>ex</strong></span> <span class='ocrx_word' id='word_1_147' title='bbox 1233 2760 1300 2823; x_wconf 91' lang='lat' dir='ltr'><strong>quo</strong></span> <span class='ocrx_word' id='word_1_148' title='bbox 1312 2759 1369 2799; x_wconf 94' lang='lat' dir='ltr'><strong>vos</strong></span> 
     </span>
     <span class='ocr_line' id='line_1_20' title="bbox 416 2835 1368 2919; baseline -0.002 -16"><span class='ocrx_word' id='word_1_149' title='bbox 416 2838 609 2903; x_wconf 89' lang='lat' dir='ltr'><strong>audierimus</strong></span> <span class='ocrx_word' id='word_1_150' title='bbox 629 2860 696 2901; x_wconf 90' lang='lat' dir='ltr'><strong>esse</strong></span> <span class='ocrx_word' id='word_1_151' title='bbox 717 2837 872 2913; x_wconf 88' lang='lat' dir='ltr'><strong>Boloniae,</strong></span> <span class='ocrx_word' id='word_1_152' title='bbox 889 2835 980 2900; x_wconf 92' lang='lat' dir='ltr'><strong>vobis</strong></span> <span class='ocrx_word' id='word_1_153' title='bbox 1002 2839 1033 2900; x_wconf 90' lang='lat' dir='ltr'><strong>in</strong></span> <span class='ocrx_word' id='word_1_154' title='bbox 1055 2835 1124 2919; x_wconf 90' lang='lat' dir='ltr'><strong>ipso</strong></span> <span class='ocrx_word' id='word_1_155' title='bbox 1140 2837 1246 2901; x_wconf 91' lang='lat' dir='ltr'><strong>littore</strong></span> <span class='ocrx_word' id='word_1_156' title='bbox 1261 2847 1368 2901; x_wconf 89' lang='lat' dir='ltr'><strong>nostro</strong></span> 
     </span>
    </p>
   </div>
   <div class='ocr_carea' id='block_1_3' title="bbox 414 2935 1367 3232">
    <p class='ocr_par' dir='ltr' id='par_1_3' title="bbox 414 2935 1367 3232">
     <span class='ocr_line' id='line_1_21' title="bbox 414 2935 1366 3023; baseline 0 -20"><span class='ocrx_word' id='word_1_157' title='bbox 414 2961 627 3019; x_wconf 89' lang='lat' dir='ltr'><strong>occurremus,</strong></span> <span class='ocrx_word' id='word_1_158' title='bbox 641 2940 841 3023; x_wconf 85' lang='lat' dir='ltr'><strong>procuraturi</strong></span> <span class='ocrx_word' id='word_1_159' title='bbox 854 2936 1016 3022; x_wconf 91' lang='lat' dir='ltr'><strong>quomodo</strong></span> <span class='ocrx_word' id='word_1_160' title='bbox 1028 2935 1067 3022; x_wconf 92' lang='lat' dir='ltr'><strong>ad</strong></span> <span class='ocrx_word' id='word_1_161' title='bbox 1084 2936 1247 3001; x_wconf 91' lang='lat' dir='ltr'><strong>dominum</strong></span> <span class='ocrx_word' id='word_1_162' title='bbox 1260 2961 1366 3022; x_wconf 82' lang='lat' dir='ltr'><strong>regem</strong></span> 
     </span>
     <span class='ocr_line' id='line_1_22' title="bbox 414 3040 1367 3129; baseline 0.001 -23"><span class='ocrx_word' id='word_1_163' title='bbox 414 3066 486 3106; x_wconf 89' lang='lat' dir='ltr'><strong>cum</strong></span> <span class='ocrx_word' id='word_1_164' title='bbox 502 3043 621 3107; x_wconf 86' lang='lat' dir='ltr'><strong>honore</strong></span> <span class='ocrx_word' id='word_1_165' title='bbox 643 3041 846 3129; x_wconf 89' lang='lat' dir='ltr'><strong>perveniatis,</strong></span> <span class='ocrx_word' id='word_1_166' title='bbox 867 3050 898 3105; x_wconf 81' lang='lat' dir='ltr'><strong>e&#39;t</strong></span> <span class='ocrx_word' id='word_1_167' title='bbox 922 3040 996 3104; x_wconf 92' lang='lat' dir='ltr'><strong>finis</strong></span> <span class='ocrx_word' id='word_1_168' title='bbox 1014 3041 1188 3126; x_wconf 89' lang='lat' dir='ltr'><strong>jucundus·</strong></span> <span class='ocrx_word' id='word_1_169' title='bbox 1203 3041 1300 3107; x_wconf 86' lang='lat' dir='ltr'><strong>tantis</strong></span> <span class='ocrx_word' id='word_1_170' title='bbox 1323 3041 1367 3107; x_wconf 86' lang='lat' dir='ltr'><strong>la-</strong></span> 
     </span>
     <span class='ocr_line' id='line_1_23' title="bbox 415 3145 755 3232; baseline -0.006 -24"><span class='ocrx_word' id='word_1_171' title='bbox 415 3145 547 3209; x_wconf 89' lang='lat' dir='ltr'><strong>boribus</strong></span> <span class='ocrx_word' id='word_1_172' title='bbox 561 3146 755 3232; x_wconf 86' lang='lat' dir='ltr'><strong>imponatur.</strong></span> 
     </span>
    </p>
   </div>
   <div class='ocr_carea' id='block_1_4' title="bbox 512 3350 1263 3419">
    <p class='ocr_par' dir='ltr' id='par_1_4' title="bbox 512 3350 1263 3419">
     <span class='ocr_line' id='line_1_24' title="bbox 512 3350 1263 3419; baseline 0.003 -4"><span class='ocrx_word' id='word_1_173' title='bbox 512 3354 731 3417; x_wconf 86' lang='lat' dir='ltr'>EPISTOLA</span> <span class='ocrx_word' id='word_1_174' title='bbox 755 3350 879 3417; x_wconf 80' lang='lat' dir='ltr'><strong>C.-an</strong></span> <span class='ocrx_word' id='word_1_175' title='bbox 895 3372 1007 3417; x_wconf 77' lang='lat' dir='ltr'><strong>earam</strong></span> <span class='ocrx_word' id='word_1_176' title='bbox 1022 3374 1263 3419; x_wconf 72' lang='lat' dir='ltr'><strong>unumunurm.</strong></span> 
     </span>
    </p>
   </div>
   <div class='ocr_carea' id='block_1_5' title="bbox 662 3504 1132 3587">
    <p class='ocr_par' dir='ltr' id='par_1_5' title="bbox 662 3504 1132 3587">
     <span class='ocr_line' id='line_1_25' title="bbox 662 3504 1132 3587; baseline 0.006 -20"><span class='ocrx_word' id='word_1_177' title='bbox 662 3504 802 3567; x_wconf 81' lang='lat' dir='ltr'><strong>Domino</strong></span> <span class='ocrx_word' id='word_1_178' title='bbox 817 3505 923 3587; x_wconf 80' lang='lat' dir='ltr'><strong>Popae</strong></span> <span class='ocrx_word' id='word_1_179' title='bbox 936 3504 1132 3570; x_wconf 79' lang='lat' dir='ltr'><strong>Alexandro.</strong></span> 
     </span>
    </p>
   </div>
   <div class='ocr_carea' id='block_1_6' title="bbox 413 3638 1452 4540">
    <p class='ocr_par' dir='ltr' id='par_1_6' title="bbox 413 3638 1452 4540">
     <span class='ocr_line' id='line_1_26' title="bbox 457 3638 1365 3726; baseline 0.004 -21"><span class='ocrx_word' id='word_1_180' title='bbox 457 3643 510 3705; x_wconf 79' lang='lat' dir='ltr'><strong>Ex</strong></span> <span class='ocrx_word' id='word_1_181' title='bbox 526 3639 677 3703; x_wconf 85' lang='lat' dir='ltr'><strong>mandato</strong></span> <span class='ocrx_word' id='word_1_182' title='bbox 699 3638 877 3702; x_wconf 90' lang='lat' dir='ltr'><strong>sanctitatis</strong></span> <span class='ocrx_word' id='word_1_183' title='bbox 893 3653 1008 3704; x_wconf 85' lang='lat' dir='ltr'><strong>vestrae</strong></span> <span class='ocrx_word' id='word_1_184' title='bbox 1029 3642 1062 3704; x_wconf 90' lang='lat' dir='ltr'><strong>in</strong></span> <span class='ocrx_word' id='word_1_185' title='bbox 1077 3643 1278 3726; x_wconf 88' lang='lat' dir='ltr'><strong>praesentiam</strong></span> <span class='ocrx_word' id='word_1_186' title='bbox 1294 3666 1365 3709; x_wconf 83' lang='lat' dir='ltr'><strong>nos·</strong></span> 
     </span>
     <span class='ocr_line' id='line_1_27' title="bbox 416 3740 1365 3810; baseline 0.002 -2"><span class='ocrx_word' id='word_1_187' title='bbox 416 3757 495 3809; x_wconf 87' lang='lat' dir='ltr'><strong>tram</strong></span> <span class='ocrx_word' id='word_1_188' title='bbox 508 3743 676 3807; x_wconf 89' lang='lat' dir='ltr'><strong>citavimus</strong></span> <span class='ocrx_word' id='word_1_189' title='bbox 690 3740 897 3804; x_wconf 87' lang='lat' dir='ltr'><strong>venerabilem</strong></span> <span class='ocrx_word' id='word_1_190' title='bbox 912 3742 1015 3806; x_wconf 88' lang='lat' dir='ltr'><strong>virum</strong></span> <span class='ocrx_word' id='word_1_191' title='bbox 1032 3746 1074 3807; x_wconf 89' lang='lat' dir='ltr'><strong>G.</strong></span> <span class='ocrx_word' id='word_1_192' title='bbox 1085 3745 1243 3808; x_wconf 84' lang='lat' dir='ltr'><strong>Abbatem</strong></span> <span class='ocrx_word' id='word_1_193' title='bbox 1260 3746 1365 3810; x_wconf 90' lang='lat' dir='ltr'><strong>West-</strong></span> 
     </span>
     <span class='ocr_line' id='line_1_28' title="bbox 414 3843 1363 3931; baseline 0 -20"><span class='ocrx_word' id='word_1_194' title='bbox 414 3846 689 3911; x_wconf 89' lang='lat' dir='ltr'><strong>monasteriensem</strong></span> <span class='ocrx_word' id='word_1_195' title='bbox 711 3844 874 3908; x_wconf 89' lang='lat' dir='ltr'><strong>monacbis</strong></span> <span class='ocrx_word' id='word_1_196' title='bbox 888 3843 928 3906; x_wconf 89' lang='lat' dir='ltr'><strong>de</strong></span> <span class='ocrx_word' id='word_1_197' title='bbox 943 3849 981 3909; x_wconf 93' lang='lat' dir='ltr'>M</span> <span class='ocrx_word' id='word_1_198' title='bbox 983 3845 1121 3908; x_wconf 82' lang='lat' dir='ltr'><strong>alvernia</strong></span> <span class='ocrx_word' id='word_1_199' title='bbox 1136 3869 1363 3931; x_wconf 90' lang='lat' dir='ltr'><strong>responsurum</strong></span> 
     </span>
     <span class='ocr_line' id='line_1_29' title="bbox 414 3946 1452 4035; baseline 0.001 -23"><span class='ocrx_word' id='word_1_200' title='bbox 414 3972 510 4033; x_wconf 89' lang='lat' dir='ltr'><strong>super</strong></span> <span class='ocrx_word' id='word_1_201' title='bbox 526 3950 575 4013; x_wconf 91' lang='lat' dir='ltr'><strong>his</strong></span> <span class='ocrx_word' id='word_1_202' title='bbox 597 3971 671 4034; x_wconf 87' lang='lat' dir='ltr'><strong>quae</strong></span> <span class='ocrx_word' id='word_1_203' title='bbox 687 3948 720 4010; x_wconf 92' lang='lat' dir='ltr'><strong>in</strong></span> <span class='ocrx_word' id='word_1_204' title='bbox 735 3946 898 4009; x_wconf 90' lang='lat' dir='ltr'><strong>audientia</strong></span> <span class='ocrx_word' id='word_1_205' title='bbox 921 3957 1025 4009; x_wconf 85' lang='lat' dir='ltr'><strong>vestra</strong></span> <span class='ocrx_word' id='word_1_206' title='bbox 1039 3947 1192 4010; x_wconf 88' lang='lat' dir='ltr'><strong>adversus</strong></span> <span class='ocrx_word' id='word_1_207' title='bbox 1206 3971 1276 4014; x_wconf 90' lang='lat' dir='ltr'><strong>eum</strong></span> <span class='ocrx_word' id='word_1_208' title='bbox 1294 3972 1365 4035; x_wconf 88' lang='lat' dir='ltr'><strong>pro-</strong></span> <span class='ocrx_word' id='word_1_209' title='bbox 1450 4010 1452 4013; x_wconf 86' lang='lat'>.</span> 
     </span>
     <span class='ocr_line' id='line_1_30' title="bbox 413 4048 1366 4135; baseline 0.005 -23"><span class='ocrx_word' id='word_1_210' title='bbox 413 4062 595 4135; x_wconf 88' lang='lat' dir='ltr'><strong>posuerant.</strong></span> <span class='ocrx_word' id='word_1_211' title='bbox 643 4048 680 4111; x_wconf 91' lang='lat' dir='ltr'><strong>In</strong></span> <span class='ocrx_word' id='word_1_212' title='bbox 703 4048 772 4134; x_wconf 89' lang='lat' dir='ltr'><strong>ipsa</strong></span> <span class='ocrx_word' id='word_1_213' title='bbox 794 4056 899 4111; x_wconf 87' lang='lat' dir='ltr'><strong>autern</strong></span> <span class='ocrx_word' id='word_1_214' title='bbox 924 4048 1129 4112; x_wconf 89' lang='lat' dir='ltr'><strong>ventilatione</strong></span> <span class='ocrx_word' id='word_1_215' title='bbox 1151 4072 1255 4113; x_wconf 86' lang='lat' dir='ltr'><strong>cuusae</strong></span> <span class='ocrx_word' id='word_1_216' title='bbox 1274 4051 1366 4117; x_wconf 88' lang='lat' dir='ltr'><strong>nobis</strong></span> 
     </span>
     <span class='ocr_line' id='line_1_31' title="bbox 414 4147 1367 4219; baseline 0.005 -6"><span class='ocrx_word' id='word_1_217' title='bbox 414 4173 454 4213; x_wconf 86' lang='lat' dir='ltr'><strong>ex</strong></span> <span class='ocrx_word' id='word_1_218' title='bbox 476 4149 655 4214; x_wconf 87' lang='lat' dir='ltr'><strong>testimonio</strong></span> <span class='ocrx_word' id='word_1_219' title='bbox 671 4147 896 4213; x_wconf 87' lang='lat' dir='ltr'><strong>venerabilium</strong></span> <span class='ocrx_word' id='word_1_220' title='bbox 920 4149 1062 4213; x_wconf 91' lang='lat' dir='ltr'><strong>virorum</strong></span> <span class='ocrx_word' id='word_1_221' title='bbox 1086 4150 1242 4216; x_wconf 89' lang='lat' dir='ltr'><strong>Gileberti</strong></span> <span class='ocrx_word' id='word_1_222' title='bbox 1264 4158 1367 4219; x_wconf 88' lang='lat' dir='ltr'><strong>Here-</strong></span> 
     </span>
     <span class='ocr_line' id='line_1_32' title="bbox 413 4250 1365 4339; baseline 0.007 -25"><span class='ocrx_word' id='word_1_223' title='bbox 413 4250 496 4314; x_wconf 88' lang='lat' dir='ltr'><strong>ford.</strong></span> <span class='ocrx_word' id='word_1_224' title='bbox 512 4251 661 4337; x_wconf 89' lang='lat' dir='ltr'><strong>episcopi,</strong></span> <span class='ocrx_word' id='word_1_225' title='bbox 679 4251 838 4315; x_wconf 85' lang='lat' dir='ltr'><strong>Hamelini</strong></span> <span class='ocrx_word' id='word_1_226' title='bbox 848 4251 973 4316; x_wconf 89' lang='lat' dir='ltr'><strong>abbatis</strong></span> <span class='ocrx_word' id='word_1_227' title='bbox 986 4250 1177 4334; x_wconf 72' lang='lat' dir='ltr'><strong>Gtoucestr,</strong></span> <span class='ocrx_word' id='word_1_228' title='bbox 1191 4254 1365 4339; x_wconf 84' lang='lat' dir='ltr'><strong>Raginaldi</strong></span> 
     </span>
     <span class='ocr_line' id='line_1_33' title="bbox 415 4351 1363 4440; baseline 0.003 -22"><span class='ocrx_word' id='word_1_229' title='bbox 415 4355 538 4418; x_wconf 86' lang='lat' dir='ltr'><strong>Persor.</strong></span> <span class='ocrx_word' id='word_1_230' title='bbox 554 4351 627 4415; x_wconf 85' lang='lat' dir='ltr'><strong>abb.</strong></span> <span class='ocrx_word' id='word_1_231' title='bbox 651 4351 813 4417; x_wconf 88' lang='lat' dir='ltr'><strong>evidenter</strong></span> <span class='ocrx_word' id='word_1_232' title='bbox 828 4353 990 4439; x_wconf 90' lang='lat' dir='ltr'><strong>apparuit,</strong></span> <span class='ocrx_word' id='word_1_233' title='bbox 1008 4355 1095 4440; x_wconf 91' lang='lat' dir='ltr'><strong>quod</strong></span> <span class='ocrx_word' id='word_1_234' title='bbox 1118 4356 1263 4421; x_wconf 89' lang='lat' dir='ltr'><strong>monachi</strong></span> <span class='ocrx_word' id='word_1_235' title='bbox 1279 4359 1363 4423; x_wconf 90' lang='lat' dir='ltr'><strong>Mal-</strong></span> 
     </span>
     <span class='ocr_line' id='line_1_34' title="bbox 415 4451 1438 4540; baseline 0.009 -25"><span class='ocrx_word' id='word_1_236' title='bbox 415 4454 533 4518; x_wconf 87' lang='lat' dir='ltr'><strong>veruiae</strong></span> <span class='ocrx_word' id='word_1_237' title='bbox 548 4451 692 4537; x_wconf 85' lang='lat' dir='ltr'><strong>graviora</strong></span> <span class='ocrx_word' id='word_1_238' title='bbox 708 4476 803 4538; x_wconf 85' lang='lat' dir='ltr'><strong>quum</strong></span> <span class='ocrx_word' id='word_1_239' title='bbox 821 4454 901 4539; x_wconf 86' lang='lat' dir='ltr'><strong>passi</strong></span> <span class='ocrx_word' id='word_1_240' title='bbox 919 4469 993 4518; x_wconf 87' lang='lat' dir='ltr'><strong>sunt</strong></span> <span class='ocrx_word' id='word_1_241' title='bbox 1017 4469 1267 4540; x_wconf 87' lang='lat' dir='ltr'><strong>promeruerant,</strong></span> <span class='ocrx_word' id='word_1_242' title='bbox 1283 4457 1365 4523; x_wconf 89' lang='lat' dir='ltr'><strong>vicio</strong></span> <span class='ocrx_word' id='word_1_243' title='bbox 1436 4473 1438 4477; x_wconf 81' lang='grc'><strong>“</strong></span> 
     </span>
    </p>
   </div>
   <div class='ocr_carea' id='block_1_7' title="bbox 0 0 1942 5725">
    <p class='ocr_par' dir='ltr' id='par_1_7' title="bbox 0 0 1942 5725">
     <span class='ocr_line' id='line_1_35' title="bbox 0 0 1942 5725; baseline 0 1"><span class='ocrx_word' id='word_1_244' title='bbox 0 0 1942 5725; x_wconf 95' lang='lat' dir='ltr'><strong> </strong></span> 
     </span>
    </p>
   </div>
  </div>
 </body>
</html>
