3875 5725
433 823 632 902 1156-64.]
831 840 1011 886 crismam.
1324 822 1380 885 181

429 990 468 1054 sit
492 991 533 1054 ob
554 990 738 1077 hujusmodi
759 1014 885 1055 causam
908 991 1134 1077 projiciendus.
1182 993 1380 1077 Hucusque

428 1103 644 1177 contemptum
664 1104 814 1166 vestrum,
833 1105 1008 1176 utcumque
1027 1104 1202 1178 portamus,
1218 1093 1323 1157 adhuc
1339 1092 1379 1156 de

429 1192 568 1275 periculo
583 1193 696 1259 animae
713 1207 776 1259 tuae
799 1207 830 1258 et
846 1195 940 1256 famae
955 1193 1112 1272 dolemus,
1128 1206 1160 1258 et
1181 1207 1213 1258 te
1236 1194 1379 1278 profecto

428 1292 493 1356 siue
508 1317 595 1358 mora
610 1295 716 1359 dolere
730 1296 893 1372 faciemus,
909 1294 969 1358 nisi
987 1294 1083 1360 vitam
1101 1308 1188 1360 tuam
1211 1299 1242 1359 in
1266 1295 1379 1360 melius

427 1397 681 1475 commutaveris
692 1410 724 1461 et
739 1399 854 1461 domus
868 1410 934 1461 tuae
945 1397 1062 1460 lamam
1072 1399 1265 1462 correctione
1279 1402 1379 1462 celere

427 1498 588 1562 studueris
599 1499 779 1563 reformare.
810 1498 1029 1584 Apostolicum
1042 1522 1179 1586 namque
1193 1499 1379 1564 mandatum

426 1610 457 1661 et
472 1599 705 1684 increpationes
720 1599 923 1684 suscepimus,
940 1620 1013 1683 quae
1035 1599 1125 1663 nobis
1148 1599 1292 1663 indicunt
1315 1621 1378 1662 non

426 1723 492 1762 esse
508 1701 713 1786 parcendum,
730 1701 756 1765 si
781 1700 839 1763 tibi
864 1698 1002 1762 ulterius
1024 1701 1257 1785 pepercerimus
1279 1701 1309 1764 in
1330 1725 1377 1764 er·

428 1801 555 1865 roribus
585 1803 658 1866 tuis.
716 1801 854 1864 Proinde
883 1801 915 1862 in
948 1802 1067 1865 virtute
1103 1801 1292 1866 obedientiae
1322 1803 1380 1866 tibi

428 1903 644 1988 praecipiendo
669 1902 867 1980 mandamuS,
892 1914 928 1966 ut
955 1902 1127 1987 praefatum
1159 1904 1331 1986 Hugonem
1362 1929 1382 1966 a

428 2005 643 2070 familiaritate
672 2025 703 2069 et
733 2002 969 2068 conversatione
1000 2004 1115 2067 domus
1142 2016 1206 2069 tuae
1235 2026 1380 2068 amoveas

428 2106 512 2169 infra
534 2107 704 2193 septimum
727 2107 810 2170 diem
834 2128 853 2167 a
875 2106 1075 2191 susceptione
1097 2106 1301 2191 praesentium
1328 2105 1381 2170 lit·

429 2222 579 2282 terarum,
595 2220 627 2271 et
642 2205 929 2271 administrationes
944 2206 1083 2269 ecclesiae
1102 2219 1168 2270 tuae
1187 2229 1298 2290 gerere
1316 2229 1377 2269 non

427 2309 603 2392 permittas,
614 2332 653 2372 ne
669 2310 693 2372 si
710 2310 862 2372 adversus
878 2307 945 2371 haec
962 2308 1068 2371 venire
1084 2309 1336 2392 praesumpseris,
1346 2319 1378 2372 te

428 2409 545 2504 domini
561 2433 652 2496 papae
668 2411 856 2475 auctoritate
872 2409 988 2474 sentias
1002 2411 1254 2475 condemnatam.
1292 2410 1379 2474 Vale.

461 2683 689 2748 EPISTOLA
712 2685 968 2750 cxxxi-an
984 2704 1211 2748 annxauoaou
1228 2705 1349 2748 rursu.

670 2842 810 2905 Domitio
826 2845 926 2923 Papa
943 2841 1138 2905 Alemmdro.

474 3006 527 3067 UT
549 3003 589 3065 de
613 3002 671 3078 his,
691 3024 764 3086 quae
785 3026 803 3065 a
826 3001 915 3063 nobis
937 3000 977 3062 ad
1001 3001 1173 3085 majestatis
1195 3015 1305 3067 vestrae
1329 3028 1383 3068 ex-

430 3125 520 3166 amen
548 3114 721 3175 transeunt,
745 3100 872 3185 possitis
897 3100 1095 3163 commodius
1116 3100 1272 3185 judicare,
1296 3127 1382 3168 sanc·
1448 3142 1454 3150 ·

430 3202 514 3267 titati
536 3215 648 3267 vestrae
669 3215 830 3287 gestorum
853 3201 945 3264 series
968 3215 1015 3266 est
1038 3200 1174 3266 fideliter
1196 3204 1382 3271 intimanda.

434 3306 531 3391 Apud
558 3328 614 3368 nos
643 3306 726 3369 inter
756 3303 942 3389 Philippum
974 3304 1014 3366 de
1039 3305 1228 3382 Danteheia‚
1255 3321 1286 3372 et
1317 3312 1382 3373 Ra-

428 3407 593 3492 ginaldum
624 3407 664 3470 de
694 3405 913 3471 Ledescumba
948 3406 1133 3491 hujusmodi
1169 3411 1384 3475 controversia

429 3507 622 3572 vertebatur.
668 3506 852 3570 Osmundus
867 3504 907 3568 de
925 3506 1075 3570 Saresbr'.
1092 3507 1218 3571 nomine
1235 3509 1382 3594 jamdicti

431 3610 582 3695 Philippi,
592 3609 736 3674 ecclesias
748 3609 788 3671 de
804 3607 981 3683 Renebera,
992 3621 1023 3672 et
1038 3609 1261 3688 Lidescumba,
1273 3624 1303 3675 et
1321 3614 1383 3675 Fa-

430 3712 535 3777 lesleia
557 3711 748 3796 possidebat.
795 3714 896 3775 Porro
916 3710 1092 3792 jamdictus
1114 3712 1311 3794 Reginaldus
1331 3734 1383 3776 ec·

429 3813 538 3878 clesias
553 3813 593 3876 de
610 3811 808 3876 Lidecumba
824 3825 855 3874 et
868 3810 1023 3874 Falesleia
1034 3812 1160 3896 praefati
1171 3814 1384 3896 procuratoris

430 3917 565 3991 nomine,
595 3912 752 3978 Osmundi
785 3911 943 3989 videlicet,
968 3911 1162 3996 possidebat,
1190 3912 1326 3976 reddens
1356 3914 1384 3977 ei

431 4038 567 4079 annuam
582 4013 786 4099 pensionem.
832 4013 939 4089 Quum
964 4012 1075 4096 itaque
1100 4012 1293 4077 membratus
1323 4015 1383 4078 Os-

432 4116 568 4179 mundus
590 4115 772 4179 infirmitate
795 4124 947 4197 gravatus
970 4134 1003 4173 se
1025 4110 1167 4195 religioni
1190 4112 1385 4195 regularium

432 4216 567 4278 fratrum
584 4216 730 4279 canonice
745 4215 942 4290 contulisset,
958 4213 1154 4298 Philippum,
1169 4217 1226 4299 qui
1247 4215 1386 4299 posside-

434 4317 500 4392 bat,
513 4316 637 4378 vocavit
655 4332 689 4380 ut
700 4317 728 4378 ei
738 4340 787 4379 res
799 4339 872 4380 suas
882 4316 1069 4399 resignaret.
1105 4315 1298 4379 Rationibus
1310 4339 1386 4399 ergo

433 4416 648 4502 procuratoris
657 4417 792 4501 expletis
804 4419 932 4501 pacifice
943 4417 1113 4502 Philippus
1122 4418 1283 4500 ingressus
1294 4429 1341 4478 est
1353 4418 1385 4479 in
