3875 5725
434 844 628 924 1164-65.]
744 907 746 912 ,
825 860 1005 907 urrsromn.
1326 850 1383 909 191

430 1037 489 1099 pro
514 1016 609 1077 nobis
635 1011 877 1079 Cantuariensis
901 1014 1047 1077 ecclesia
1071 1023 1193 1078 amator
1218 1014 1389 1093 Adrianus,

428 1118 519 1201 cujus
534 1127 634 1180 mater
647 1115 735 1200 apud
750 1133 807 1178 ros
816 1118 923 1197 algore
939 1123 1105 1199 torquetur
1119 1125 1151 1180 et
1165 1113 1283 1179 inedia.
1315 1119 1385 1180 Nos

431 1219 579 1292 humiles,
602 1219 728 1300 inopes,
745 1218 918 1294 immuniti,
933 1219 1083 1303 nunquid
1100 1218 1276 1302 poterimus
1297 1221 1392 1282 verba

432 1320 505 1384 dare
520 1317 698 1382 Romanis?
727 1321 768 1382 At
782 1319 831 1382 illi
848 1320 975 1402 pridem
994 1342 1085 1383 suum
1102 1320 1261 1382 comicum
1277 1319 1389 1383 audie·

434 1431 517 1497 runt,
535 1428 571 1482 ut
585 1441 649 1482 uon
666 1430 775 1482 emant
788 1438 886 1501 spero
900 1421 1014 1503 pretio.

475 1522 539 1585 Sed
561 1521 710 1598 scribitis,
728 1531 764 1582 ut
787 1521 929 1599 taudem,
944 1523 971 1584 si
993 1522 1057 1585 alia
1078 1522 1131 1584 via
1152 1542 1216 1584 uon
1238 1522 1389 1603 patuerit,

433 1625 656 1707 promittamus
672 1622 829 1685 ducentas
841 1643 974 1685 marcas.
1005 1622 1048 1685 At
1062 1632 1147 1685 certe
1162 1642 1237 1704 pars
1248 1623 1391 1699 adversa,

434 1734 608 1808 antequam
618 1724 794 1798 frustretur,
803 1733 961 1785 trecentas
971 1722 1062 1785 dabit
1070 1732 1125 1785 aut
1134 1720 1396 1804 quadringentas,

576 1836 636 1891 Nec
647 1837 671 1889 si
682 1837 831 1890 muneribus
843 1841 936 1900 certas,
951 1837 1074 1890 concedet
1085 1835 1167 1889 lolas.

437 1945 550 2026 Etego
560 1943 740 2027 respondeo
749 1964 807 2027 pro
817 1942 1077 2027 Romanis‚qu0d
1087 1964 1146 2026 pro
1156 1962 1261 2006 amore
1271 1940 1394 2006 domini

438 2047 533 2128 regis,
548 2055 581 2109 et
594 2046 770 2109 reverentia
784 2045 977 2108 nunciorum
998 2047 1130 2108 mallent
1145 2044 1218 2129 plus
1240 2047 1395 2128 recipere,

438 2169 533 2233 quam
554 2168 681 2230 sperare
705 2147 819 2209 minus.
866 2142 958 2209 Facit
977 2156 1083 2210 autem
1105 2166 1163 2230 pro
1185 2140 1286 2223 vobis,
1307 2146 1395 2230 quod

436 2270 495 2333 pro
521 2249 669 2312 libertate
696 2247 843 2312 ecclesiae
872 2243 1082 2327 tribulamini,
1108 2248 1166 2311 sed
1192 2248 1392 2310 honestatem

438 2368 544 2415 causae
556 2360 673 2415 nostrae
689 2356 902 2413 extenuantes
913 2360 1119 2413 excusatores
1133 2349 1228 2430 regis,
1239 2358 1273 2413 et
1288 2350 1395 2413 aemuli

439 2453 546 2529 vestri,
561 2454 623 2515 hoc
646 2451 814 2515 temeritati
831 2471 926 2535 quam
942 2450 1084 2514 libertati
1099 2449 1201 2533 magis
1216 2449 1397 2514 adscribere

440 2554 652 2616 conabuntur.
690 2551 735 2615 Et
760 2562 795 2613 ut
817 2552 863 2614 eis
886 2551 980 2613 citius
1003 2548 1159 2628 credatur,
1180 2546 1243 2633 ipsi
1266 2550 1396 2614 domino

440 2677 545 2739 pupae,
556 2654 630 2736 quia
641 2671 743 2714 oenoe
752 2655 852 2732 hujus
862 2653 1007 2714 susurrii
1013 2652 1085 2729 jam
1097 2650 1398 2729 badinomorum,

442 2752 564 2817 dabunt
586 2775 678 2836 spem
703 2751 851 2816 veniendi
876 2749 909 2814 in
932 2749 1094 2832 Angliam,
1117 2752 1291 2836 dicentque
1316 2753 1397 2834 regii

442 2855 502 2917 filii
516 2854 646 2917 dilatam
661 2853 913 2925 coronationem,
929 2863 964 2914 ut
980 2875 1075 2915 mauu
1095 2852 1271 2934 apostolica
1287 2873 1398 2915 conse·

433 2965 560 3042 cretur,
586 2966 618 3019 et
645 2951 755 3018 sciatis
780 2956 821 3017 ad
844 2953 908 3017 hoc
935 2963 1102 3037 promptos
1129 2971 1200 3016 esse
1224 2954 1398 3017 Romanos.

444 3059 467 3120 J
469 3081 521 3122 am
535 3058 620 3121 enirn
637 3057 767 3141 quidam
783 3056 878 3119 nobis
893 3055 1059 3132 insultant,
1074 3054 1219 3119 dicentes
1235 3054 1397 3118 dominum

445 3180 560 3242 papam
584 3157 624 3221 ad
648 3157 913 3221 Cantuariensem
936 3155 1106 3219 ecclesiam
1129 3174 1342 3232 accessurum,
1363 3165 1400 3219 ut

445 3270 572 3323 moveat
586 3257 815 3323 candelabrum
837 3269 985 3334 vestrum,
1000 3257 1109 3342 ibique
1131 3254 1330 3341 aliquamdiu
1350 3274 1399 3320 se-

446 3363 529 3427 deat.
567 3360 637 3424 Nec
662 3371 768 3423 tamen
795 3361 903 3437 credo,
926 3358 1013 3442 quod
1036 3359 1186 3422 dominus
1208 3379 1294 3442 papa
1315 3358 1399 3422 istud

445 3462 551 3528 adhuc
575 3463 767 3545 conceperit.
805 3459 902 3539 Nam,
917 3474 954 3525 ut
972 3462 1079 3541 audio,
1101 3462 1233 3525 multam
1254 3460 1323 3545 ejus
1342 3476 1400 3544 pro

445 3565 625 3631 constantia
648 3577 751 3627 vestra
765 3564 890 3628 habetis
909 3564 1050 3645 gratiam.
1090 3564 1271 3628 Sedunum
1288 3564 1400 3648 procul

446 3669 546 3732 dubio
562 3670 641 3746 scic,
653 3668 729 3750 quia
741 3667 962 3741 Lexoviensis,
975 3666 1002 3728 si
1018 3665 1150 3739 venerit,
1162 3665 1243 3728 nihil
1259 3685 1399 3728 asserere

446 3771 613 3833 verebitur.
644 3768 752 3831 Notus
763 3769 847 3829 enim
863 3767 943 3830 milri
958 3780 1018 3844 est,
1029 3775 1061 3829 et
1075 3766 1109 3828 in
1121 3766 1236 3829 talibus
1250 3776 1402 3848 expertus

447 3893 518 3951 sum
529 3872 598 3955 ejus
609 3870 761 3933 fallacias.
788 3867 841 3930 De
854 3869 969 3930 abbate
982 3867 1052 3950 quis
1063 3864 1205 3929 dubitat?
1225 3865 1401 3928 Postmodo

381 4017 386 4028 ·
449 3976 577 4057 scripsit
598 3973 677 4036 mibi
699 3972 873 4056 episcopus
895 3969 1117 4044 Pictaviensis,
1140 3967 1227 4052 quod
1250 3968 1401 4031 adversus

452 4076 602 4138 abbatem
623 4076 655 4138 S.
679 4072 850 4155 Augustini
874 4072 953 4133 nihil
978 4080 1123 4154 potuerat
1142 4071 1323 4152 impetrare,
1342 4071 1402 4133 etsi

451 4176 620 4257 plurimam
637 4176 777 4239 dedisset
792 4194 932 4256 operam.
966 4172 1089 4235 lbimus
1103 4153 1210 4234 tamen
1225 4170 1312 4250 illuc,
1327 4193 1401 4235 ouc-

451 4288 518 4337 tore
534 4276 617 4350 Dec,
631 4278 783 4359 quoniam
806 4276 851 4337 ita
873 4273 1061 4358 praecipitis,
1075 4282 1110 4336 et
1132 4273 1210 4357 quid
1232 4274 1401 4356 possimus,

454 4377 666 4460 experiemur.
697 4377 760 4440 Sed
773 4379 798 4439 si
814 4378 938 4450 frustra,
950 4374 1045 4438 nobis
1059 4374 1208 4457 imputari
1220 4391 1283 4435 non
1296 4374 1401 4450 debet,

454 4478 615 4560 qnoniam,
633 4487 667 4539 ut
683 4478 728 4539 ait
744 4477 884 4538 ethicus:
