3875 5725
497 860 690 939 llee-el.]
873 876 1051 923 accarone.
1402 860 1443 918 67

490 1044 547 1109 pro
562 1047 596 1090 se
611 1025 823 1111 juraverunt?
861 1025 1027 1113 Numquid
1049 1025 1120 1090 haec
1142 1025 1249 1090 omnia
1271 1023 1441 1112 praelectus

489 1125 578 1208 vidit,
592 1125 677 1204 exul,
693 1139 728 1192 et
749 1127 801 1192 cui
825 1129 939 1193 urbem
958 1128 1078 1192 intrare
1097 1149 1161 1192 non
1183 1126 1284 1192 licet?
1323 1125 1386 1191 Sed
1407 1137 1441 1190 et

490 1228 567 1314 ipse,
583 1242 620 1294 ut
634 1230 807 1315 vulgariter
828 1230 891 1295 dici
914 1231 1004 1313 solet,
1021 1229 1190 1296 Octaviani
1212 1251 1311 1315 nepos
1333 1232 1390 1304 est,
1407 1237 1441 1292 et

489 1328 637 1410 evicino,
652 1341 689 1395 ut
709 1330 826 1395 rectius
846 1330 993 1406 dixerim,
1017 1340 1181 1414 cognatus,
1196 1340 1306 1414 utpote
1328 1328 1441 1393 sororis

490 1430 584 1496 filius.
632 1431 697 1496 Sed
711 1431 764 1495 alii
780 1432 864 1497 cives
878 1432 949 1496 hoec
968 1432 1077 1497 omnia
1090 1433 1306 1519 inspexerunt,
1321 1443 1357 1496 ut
1371 1441 1441 1495 tuto

486 1532 642 1617 jurarent.
687 1533 856 1621 Numquid
881 1535 923 1599 ad
946 1547 1062 1600 terram
1094 1535 1193 1600 Siculi
1216 1531 1442 1600 accesserunt?

491 1633 593 1700 Plane
612 1635 751 1700 fideliter
768 1637 940 1701 examinati
956 1650 1030 1702 sunt
1045 1649 1152 1714 testes,
1168 1638 1223 1724 qui
1239 1637 1441 1718 haecomnia,

491 1747 649 1820 praesente
679 1737 735 1802 illo
764 1760 852 1803 sacro
882 1739 1026 1814 concilio,
1052 1740 1249 1823 juraverunt.
1307 1739 1372 1802 Sed
1402 1739 1443 1803 de

492 1837 648 1903 industria
673 1839 795 1904 civibus
824 1839 955 1904 remissa
983 1850 1032 1904 cst
1061 1841 1231 1904 necessitas
1255 1841 1442 1926 juramenti,

493 1940 644 2026 quoniam
671 1962 735 2005 non
759 1951 851 2006 erant
871 1941 982 2028 utique
1000 1941 1147 2026 juraturi.
1193 1942 1279 2007 Nam
1300 1942 1358 2006 etsi
1379 1964 1441 2006 non

493 2039 706 2124 conscientiae,
721 2054 754 2107 at
769 2042 863 2108 famae
883 2043 1085 2130 dispendium
1102 2045 1187 2131 apud
1211 2045 1355 2110 concives
1370 2067 1441 2108 snos

494 2144 655 2210 incurrere
670 2147 870 2211 verebantur.
896 2148 1059 2212 Caeterum
1073 2148 1204 2213 sanioris
1219 2148 1315 2234 partis
1330 2170 1444 2212 nume·

492 2247 602 2312 rositas
617 2271 681 2336 quo
702 2248 858 2315 defluxit?
898 2250 932 2314 Si
947 2250 1128 2336 prudentiae
1151 2262 1184 2316 et
1201 2251 1335 2337 justitiae
1355 2250 1444 2314 inco·

493 2350 639 2416 lumitate
654 2352 814 2434 vigebant,
833 2375 896 2440 quo
912 2363 1001 2418 motu
1020 2365 1217 2419 recesserunt
1231 2378 1251 2418 a
1265 2353 1397 2418 veritate
1413 2363 1447 2417 et

491 2454 616 2538 justitia
631 2477 727 2542 quam
749 2455 928 2520 tenebant?
967 2458 1063 2521 Anne
1083 2457 1219 2543 pecunia
1233 2457 1288 2520 illa
1308 2454 1446 2542 corrupti

497 2568 582 2636 sunt,
597 2579 694 2643 quam
710 2569 870 2622 senatores
891 2581 925 2622 se
945 2558 986 2622 ab
1008 2559 1184 2625 Octaviano
1199 2559 1357 2644 accepisse
1373 2579 1448 2622 con·

496 2658 570 2723 fessi
586 2669 669 2736 sunt,
685 2670 722 2723 ut
739 2661 885 2745 jurarent
907 2660 1139 2745 promotionem
1155 2661 1249 2747 ejus?
1270 2683 1343 2747 quae
1358 2683 1448 2746 repa-

498 2759 611 2824 rationi
625 2782 823 2824 murorum-a
838 2762 956 2846 populo
979 2763 1107 2827 addicta
1127 2774 1184 2843 est,
1199 2762 1448 2827 acclamantibus

497 2860 617 2942 multis,
630 2862 717 2947 qnod
738 2883 800 2924 non
821 2862 897 2925 licet
917 2863 1044 2926 mittere
1065 2864 1185 2927 carnin
1203 2864 1395 2943 Corbonam‚
1410 2885 1449 2926 eo

396 3020 398 3023 ,
497 2964 584 3050 quod
609 2961 746 3049 pretium
769 2959 931 3044 sanguinis
953 2960 1025 3025 cst?
1063 2962 1114 3025 Ex
1135 2961 1191 3025 illo
1212 2983 1329 3045 magno
1351 2983 1448 3027 nervo

498 3066 555 3131 soli
585 3076 649 3130 tres
671 3073 901 3144 remanserunt,
928 3063 1017 3148 digni
1043 3063 1173 3152 quidem
1198 3063 1382 3145 cardinales,
1407 3064 1449 3152 de

498 3168 614 3255 quibus
627 3170 792 3230 Teutones
807 3165 839 3230 in
856 3166 965 3230 castris
979 3165 1100 3230 ferrent
1114 3166 1315 3231 sententiam.
1349 3166 1449 3230 Audi-

497 3269 543 3333 vit
557 3267 746 3332 haecomnia
758 3266 937 3331 Willelmue
951 3266 1115 3353 Papiensis
1130 3266 1298 3332 cardinalis
1315 3268 1347 3331 S.
1362 3267 1451 3332 Petri

496 3371 537 3435 ad
549 3370 691 3447 vincula3
712 3379 869 3455 praesente
885 3368 1020 3433 concilio
1034 3390 1099 3434 non
1114 3370 1252 3454 negavit.
1292 3370 1357 3435 Sed
1371 3370 1450 3456 quid

497 3495 555 3559 pro
580 3471 710 3536 Victore
740 3470 899 3535 asseruit?
929 3494 1027 3558 quare
1052 3472 1198 3557 neglecta
1221 3484 1270 3538 est
1292 3462 1452 3539 attestatio

499 3574 592 3661 ejus?
623 3575 872 3659 Interrogandus
887 3588 975 3639 crat:
999 3574 1073 3640 satis
1088 3574 1174 3639 enim
1189 3575 1330 3640 habebat
1343 3576 1406 3640 oris
1420 3589 1454 3641 et

497 3677 644 3764 pectoris,
660 3686 694 3740 et
708 3687 848 3755 aetatem,
865 3688 900 3741 ut
917 3699 976 3762 pro
990 3699 1023 3741 se
1039 3677 1231 3763 loqueretur.
1278 3677 1343 3740 Sed
1358 3676 1453 3762 plane

498 3779 710 3863 interrogatus
721 3800 785 3842 non
798 3791 856 3859 est,
869 3779 955 3866 quod
964 3779 1069 3843 fuerat
1078 3789 1260 3863 negaturus,
1273 3790 1306 3841 et
1316 3778 1454 3842 scienter

500 3883 662 3947 obmutuit
676 3880 709 3944 in
725 3881 877 3957 tumultu,
894 3880 950 3967 qni
963 3880 1078 3945 furoris
1092 3880 1223 3945 videbat
1237 3880 1404 3964 impetum,
1421 3892 1455 3945 et

501 3986 586 4071 qued
595 3985 666 4050 haec
674 3983 882 4071 praesumptio
891 3982 924 4045 in
935 3981 1025 4045 nullo
1037 3980 1225 4068 praejudicat
1234 3980 1456 4047 ecclesiastica

501 4088 650 4153 libertati.
697 4088 808 4153 Unum
838 4099 946 4152 tamen
973 4086 1105 4150 edoctus
1126 4107 1196 4149 sum
1225 4084 1350 4150 silentio
1375 4087 1455 4171 ejus,

504 4188 579 4273 quia
602 4191 656 4275 qui
679 4190 713 4253 in
741 4201 830 4255 tanto
855 4188 1038 4254 discrimine
1069 4186 1212 4252 ecclesioe
1243 4208 1306 4251 non
1332 4185 1459 4251 videtur

502 4290 544 4354 ad
569 4291 756 4377 martyrium
781 4314 961 4378 properare,
985 4292 1011 4357 si
1035 4288 1171 4355 Victoris
1193 4288 1274 4353 adeo
1296 4312 1372 4354 sana
1397 4288 1458 4351 luit

502 4390 628 4473 electio,
651 4413 750 4478 quare
774 4393 952 4458 cardinales
975 4391 1114 4478 episcopi
1137 4402 1170 4455 et
1191 4411 1302 4454 omnes
1324 4388 1388 4463 alii,
1404 4410 1460 4452 ex-

504 4491 604 4578 ceptis
619 4492 668 4556 his
683 4492 796 4570 tribus,
812 4516 893 4580 quos
909 4505 944 4557 tu
965 4491 1097 4576 quidem
1118 4512 1261 4571 noveras,
1276 4489 1331 4553 sed
1346 4490 1461 4554 amodo

935 4614 953 4655 r
966 4595 988 4653 2
