3875 5725
586 814 628 871 66
855 827 992 872 tornius
1008 824 1287 869 sanusnumunsrs
1450 810 1496 889 [s.
1516 833 1549 876 n.

587 976 621 1039 in
636 975 761 1039 irritum
781 975 961 1040 devocatur.
988 976 1033 1038 At
1048 973 1118 1039 haec
1138 973 1227 1038 velut
1249 973 1282 1037 in
1298 976 1419 1054 castris,
1436 990 1470 1042 et
1489 981 1550 1044 sub

586 1076 704 1162 gladio,
720 1077 814 1142 minis
829 1089 862 1141 et
883 1077 1057 1142 terroribus
1076 1098 1147 1161 spes
1167 1075 1413 1144 examinationis
1435 1102 1455 1144 a
1472 1081 1550 1146 sim·

587 1176 1199 1265 plicibus,ameticulosis‚fraudulenter
1208 1188 1240 1240 et
1250 1176 1406 1244 violenter
1415 1193 1551 1265 extorta,

588 1303 608 1346 a
621 1279 748 1359 dolosis,
760 1279 906 1345 violentis
920 1291 953 1344 et
967 1279 1141 1356 malitiosis,
1154 1290 1264 1343 contra
1274 1279 1329 1364 jus
1344 1293 1378 1345 et
1392 1282 1449 1360 fas,
1465 1305 1549 1369 proe-

587 1381 717 1468 cipitata
732 1393 789 1448 θεῖ.
835 1382 920 1460 Quid
934 1392 1043 1445 tamen
1059 1380 1244 1467 inquisitum
1264 1393 1322 1458 est,
1339 1385 1418 1469 quid
1433 1387 1547 1470 proba-

586 1482 681 1546 tum?
709 1485 811 1549 utrius
833 1485 954 1548 scilicet
976 1484 1150 1548 electorum
1173 1483 1337 1564 canonica,
1359 1496 1415 1549 aut
1440 1486 1547 1551 sanior

586 1598 669 1652 esset
678 1588 802 1663 electio,
814 1587 889 1652 facti
899 1587 1033 1674 quaestio
1043 1583 1261 1661 simulabatur,
1270 1587 1399 1670 etjnris.
1412 1588 1548 1654 Factum

585 1686 706 1774 itaque,
728 1710 786 1774 pro
807 1688 971 1752 voluntate
996 1687 1103 1773 partis,
1119 1708 1191 1772 quae
1214 1686 1305 1770 ponit
1320 1710 1448 1752 carnem
1473 1691 1546 1756 bra-

585 1790 692 1855 chium
709 1813 813 1871 suum,
828 1790 1023 1876 propositum
1039 1799 1098 1866 est,
1115 1800 1147 1852 et
1161 1788 1342 1874 probatum.
1366 1791 1542 1857 Probatum

585 1905 643 1968 est,
657 1893 799 1978 inquam,
814 1892 978 1955 Victorem
995 1889 1097 1954 solum
1113 1889 1264 1967 electum,
1280 1911 1299 1953 a
1314 1890 1435 1955 saniore
1452 1906 1543 1976 parte

585 1994 795 2059 cardinalium
821 1994 975 2079 petitione
1001 1991 1122 2078 populi,
1145 2013 1300 2055 consensu
1327 2002 1361 2057 et
1385 1995 1545 2060 desiderio

584 2096 673 2173 cleri,
687 2107 721 2159 θῖ
734 2094 918 2158 solemniter
928 2095 1160 2177 jumentatum,
1177 2092 1317 2157 locatum
1333 2117 1401 2158 esse
1417 2095 1450 2159 in
1464 2098 1542 2162 sede

585 2197 683 2272 Petri,
700 2207 857 2280 proesente
871 2194 1040 2270 Rollaudo‚
1057 2205 1089 2258 et
1105 2217 1168 2258 non
1181 2195 1429 2274 contradicente,
1441 2197 1543 2263 immo

583 2297 811 2377 consentiente,
827 2309 860 2359 et
878 2295 941 2359 suis
955 2295 1078 2359 clericis
1098 2295 1304 2381 praecipiente
1320 2309 1357 2361 ut
1379 2298 1410 2362 ei
1430 2300 1542 2364 obedi-

582 2410 664 2478 rent,
680 2420 776 2484 quem
800 2399 832 2463 in
854 2399 929 2463 sede
952 2397 1124 2482 apostolica
1139 2397 1292 2463 videbant
1313 2401 1468 2485 pontificii
1490 2403 1540 2466 iu-

580 2494 723 2585 signibus
737 2501 932 2566 decoratum.
960 2505 1034 2566 Hoc
1049 2522 1177 2586 quoque
1193 2501 1361 2586 probatum
1379 2513 1436 2580 est,
1453 2506 1539 2592 quod

581 2601 771 2666 duodecimo
796 2601 849 2666 die
872 2612 942 2687 post
967 2602 1201 2687 promotionem
1225 2601 1373 2680 Victoris,
1397 2627 1540 2688 egressus

580 2707 622 2770 ab
643 2706 723 2770 urbe
742 2704 919 2769 Rollandus
940 2725 1039 2790 prope
1061 2715 1179 2767 terram
1198 2704 1307 2767 Seculi
1328 2704 1363 2768 in
1381 2706 1451 2770 loco
1473 2730 1537 2772 non

581 2810 700 2875 celebri
712 2810 851 2897 primum
861 2807 1127 2894 estjumentatus.
1152 2809 1205 2871 An
1219 2829 1282 2871 nou
1293 2807 1457 2894 inspexisti
1467 2833 1539 2897 pro-

579 2914 716 2980 bationis
745 2910 901 2978 modum?
946 2916 1020 2978 Hoc
1050 2912 1137 2975 enim
1163 2911 1365 2995 juraverunt,
1396 2912 1537 2979 decanus

578 3015 720 3080 basilicae
738 3016 774 3079 B.
794 3013 891 3090 Petri,
905 3026 938 3077 et
952 3014 1016 3077 duo
1031 3013 1144 3077 fratros
1159 3013 1227 3097 ejus
1242 3013 1275 3075 in
1290 3034 1423 3097 persona
1438 3013 1536 3079 totins

579 3118 719 3202 capituli,
731 3118 920 3200 juraverunt
931 3123 964 3176 et
979 3111 1127 3195 religiosi,
1139 3125 1277 3177 rectores
1288 3112 1365 3177 cleri
1380 3112 1534 3180 Romani:

578 3216 638 3281 hoc
654 3219 757 3303 ipsum
769 3214 938 3301 praefectus
949 3210 1065 3291 veibis,
1076 3224 1110 3276 et
1123 3213 1176 3276 alii
1193 3215 1276 3278 cives
1286 3218 1396 3299 jurare
1412 3216 1535 3281 obtule-

577 3329 669 3383 runt:
704 3318 759 3381 sed
788 3316 976 3380 clericorum
1002 3314 1169 3379 dumtaxat
1195 3329 1324 3401 recepta
1351 3331 1424 3382 sunt
1445 3320 1535 3403 jura.

577 3431 697 3497 menta,
710 3419 860 3505 quoniam
872 3418 943 3481 hoec
955 3416 1063 3480 omnia
1073 3428 1288 3481 tractaverunt
1299 3419 1447 3481 manibus
1459 3422 1535 3488 suis.

621 3522 702 3597 Quis
722 3523 773 3586 vel
796 3542 898 3586 caecus
918 3542 983 3583 non
1004 3518 1224 3604 deprehendat
1243 3530 1309 3582 tam
1327 3518 1530 3588 manifestam

578 3626 744 3703 malitiam,
761 3624 930 3690 mendacia
944 3634 1011 3687 tam
1027 3620 1161 3707 aperta?
1198 3621 1284 3686 Nam
1300 3620 1366 3685 fere
1386 3624 1537 3691 omnibus

577 3743 688 3797 notum
704 3741 763 3808 est,
779 3729 869 3815 cujus
880 3725 1035 3792 momenti
1047 3725 1120 3806 sint,
1131 3723 1309 3810 praesertim
1326 3725 1358 3787 in
1375 3724 1532 3791 electione

577 3834 716 3902 Romani
745 3831 913 3920 pontificis,
945 3841 1083 3895 rectores
1107 3828 1166 3909 illi,
1192 3849 1273 3915 qnos
1302 3826 1343 3890 ad
1374 3829 1530 3893 tuendam

575 3938 730 4001 malitiam
751 3959 840 4001 snam
860 3933 1030 3999 concilium
1051 3933 1207 4018 Papiense
1225 3928 1419 4013 magnificat.
1466 3931 1528 3995 Cui

575 4059 638 4100 uon
662 4050 710 4100 est
731 4037 918 4102 incredibile
941 4059 997 4100 eos
1019 4035 1088 4098 haec
1111 4046 1272 4108 tractasse,
1296 4031 1351 4117 qui
1369 4029 1542 4124 jactitant..

578 4137 641 4202 Sed
657 4149 734 4214 esto,
747 4139 830 4223 quod
847 4138 1050 4202 interfuerint
1065 4135 1156 4199 initio
1166 4136 1357 4220 jurgiorum,
1370 4136 1527 4219 numquid

573 4248 613 4309 R.
630 4240 786 4324 usquead
802 4239 1070 4303 conservationem
1089 4260 1178 4301 suam
1194 4260 1252 4322 per
1266 4235 1334 4299 dies
1356 4236 1526 4301 duodecim

573 4342 755 4431 persequuti
775 4340 872 4406 sunt?
910 4339 1076 4426 Numquid
1099 4339 1160 4404 hoc
1181 4339 1262 4404 vidit
1281 4339 1458 4425 capitulum
1484 4339 1522 4402 B.

573 4448 672 4526 Petri,
690 4445 722 4510 in
745 4446 835 4532 cujus
853 4464 987 4529 persona
1001 4442 1145 4528 juratum
1166 4454 1225 4523 est,
1245 4466 1285 4508 an
1307 4454 1446 4507 rectores
1466 4441 1522 4526 qui
