3875 5725
564 840 625 902 lta
811 851 947 896 ioannis
963 848 1243 894 saansnnmnnsrs
1413 829 1460 908 [a.
1477 847 1509 890 n.

558 1026 658 1091 quum
671 1026 744 1090 pars
759 1002 892 1066 adversa
903 998 1092 1063 sufficienter
1103 998 1258 1063 instructa
1271 996 1405 1061 testibus
1417 1018 1506 1060 suam

556 1106 651 1172 vellet
659 1107 794 1170 fundare
806 1101 1021 1176 intentionem,
1030 1101 1141 1166 territa
1147 1114 1233 1166 metu
1247 1099 1508 1187 vano,etimpru·

557 1207 646 1273 denti
657 1206 788 1272 seducta
798 1204 942 1282 consilio,
952 1201 1165 1288 appellatione
1177 1215 1323 1267 nostrum
1339 1202 1508 1267 declinavit

556 1332 698 1375 examen.
732 1310 799 1372 Nos
813 1320 920 1371 autem
938 1305 1004 1369 sedi
1020 1305 1201 1390 apostolicae
1218 1317 1253 1369 ut
1265 1305 1408 1389 oportuit
1421 1305 1508 1370 defe-

556 1425 672 1486 rentes,
687 1433 745 1475 nos
760 1409 845 1494 ipsos
860 1407 978 1473 exinde
993 1430 1011 1469 a
1026 1406 1182 1470 decisione
1197 1421 1229 1471 et
1250 1407 1428 1490 cognitione
1443 1432 1510 1472 sus-

556 1512 734 1600 pendimus,
750 1511 850 1574 donec
866 1534 884 1574 a
899 1510 973 1574 sede
993 1522 1099 1573 vestra
1115 1532 1219 1573 causae
1238 1509 1336 1593 hujus
1349 1509 1507 1595 judicium

557 1615 703 1702 prodeat,
726 1625 784 1679 aut
800 1610 969 1697 judicandi
992 1609 1164 1675 auctoritas
1181 1611 1234 1672 cui
1255 1614 1410 1696 placuerit
1425 1610 1510 1676 dele-

557 1730 663 1802 getur.
706 1716 841 1780 Interim
858 1716 897 1779 de
914 1714 1019 1777 medio
1034 1712 1180 1776 sublatus
1200 1725 1247 1776 est
1270 1712 1332 1797 piae
1349 1713 1509 1777 memoriae

558 1820 702 1885 decessor
724 1830 828 1883 vester
850 1815 997 1880 dominus
1025 1814 1194 1895 Adrianus,
1217 1827 1249 1878 et
1271 1814 1348 1878 dum
1372 1815 1510 1880 salvator

558 1923 701 1988 fidelium
724 1920 873 2005 precibus
902 1918 1071 1991 excitetur,
1095 1915 1303 1980 invalescente
1332 1917 1510 1982 schismatis
1577 1992 1582 2002 ,

558 2024 699 2099 turbine,
715 2034 748 2086 et
762 2033 943 2104 emergente
955 2019 1114 2084 collisione
1126 2040 1308 2103 regnorum,
1320 2041 1408 2083 suam
1420 2023 1510 2084 Deus

558 2124 703 2210 permisit
726 2121 849 2186 turbari
867 2120 1042 2197 ecclesiam,
1058 2129 1090 2183 et
1111 2119 1198 2183 velut
1212 2119 1378 2206 interjecto
1399 2122 1511 2185 infide·

557 2226 637 2290 lium
652 2225 751 2300 obice,
774 2247 870 2309 quem
889 2228 979 2288 Deus
1000 2223 1146 2308 dissipet,
1161 2223 1257 2287 cbaos
1272 2223 1509 2310 quodammodo

559 2327 641 2391 inter
656 2349 713 2390 vos
727 2338 758 2389 et
775 2348 831 2388 nos
847 2327 1007 2391 firmatum
1024 2340 1082 2405 est,
1098 2337 1135 2390 ut
1150 2326 1218 2389 sine
1238 2348 1354 2410 magno
1369 2326 1510 2411 periculo

558 2451 620 2495 uon
635 2441 743 2515 posset
759 2429 830 2513 quis
845 2429 886 2492 ab
901 2427 971 2493 aliis
985 2429 1026 2492 ad
1036 2428 1113 2492 alios
1128 2429 1329 2514 pertransire.
1353 2429 1510 2515 Elapsum

559 2543 607 2595 est
622 2553 699 2615 ergo
714 2543 852 2616 tempus,
866 2553 933 2616 quo
947 2530 1192 2616 appellationem
1209 2553 1297 2594 suam
1308 2554 1348 2595 ex
1357 2531 1512 2616 promisso
1584 2539 1586 2542 ’

559 2633 710 2718 prosequi
740 2632 895 2696 debuerat
918 2633 1109 2718 appellator:
1136 2634 1188 2697 Ita
1210 2632 1353 2718 quidem,
1385 2645 1510 2697 uttam

560 2745 648 2798 actor
670 2756 766 2819 quam
789 2757 863 2799 reus
885 2734 926 2798 ab
947 2734 1133 2798 executione
1154 2757 1258 2799 causae
1278 2735 1425 2800 videatur
1446 2758 1513 2799 om·

559 2836 636 2901 nino
647 2836 817 2914 destitisse,
830 2836 945 2904 deinde
954 2837 1021 2901 fere
1035 2837 1118 2902 circa
1129 2837 1290 2924 sequentis
1301 2842 1375 2904 anni
1385 2838 1511 2905 initium

554 2939 729 3026 jamdictus
748 2939 896 3026 Rogerus
916 2940 956 3004 ad
978 2962 1036 3003 nos
1058 2960 1131 3004 cum
1155 2939 1271 3004 litteris
1293 2939 1414 3004 domini
1430 2942 1513 3026 regis

559 3042 723 3119 accedens,
746 3042 952 3127 appellationi
975 3064 1070 3127 qnam
1094 3044 1222 3116 fecerat,
1253 3043 1457 3121 renuntiavit,
1480 3058 1512 3109 et

561 3165 620 3229 pro
634 3148 810 3208 reverentia
831 3145 909 3229 regii
927 3145 1070 3210 mandati
1091 3146 1185 3231 petiit
1204 3146 1264 3210 sibi
1282 3146 1441 3233 justitiam
1460 3171 1515 3211 ex-

560 3241 674 3305 hiberi.
720 3243 833 3325 Itaque
857 3241 984 3305 demum
1001 3256 1074 3327 post
1089 3265 1185 3306 unam
1201 3256 1233 3307 et
1255 3243 1386 3309 alteram
1408 3247 1515 3332 appel-

561 3339 710 3404 lationem
722 3341 817 3405 tertio
828 3342 933 3406 edicto
944 3344 1159 3429 peremptorio
1170 3346 1268 3409 citata
1280 3359 1328 3410 est
1344 3348 1514 3422 abbatissa,

561 3464 636 3527 quae
652 3440 753 3505 missis
767 3445 1029 3528 procuratoribus
1041 3468 1132 3509 suam
1147 3460 1260 3510 conata
1274 3459 1322 3511 est
1338 3447 1511 3510 absentiam

561 3563 729 3607 excusare:
757 3543 984 3610 insufficientes
1006 3560 1111 3611 tamen
1134 3570 1253 3626 causas,
1273 3559 1310 3613 nt
1335 3548 1513 3629 videbatur,

562 3649 773 3731 praetendens,
794 3648 879 3712 unde
894 3648 971 3734 qnia
991 3649 1164 3734 prohibita,
1180 3649 1361 3715 dilationem
1379 3649 1514 3715 ulterius

562 3746 704 3811 obtinere
726 3771 787 3811 non
810 3748 929 3834 potuit,
952 3750 992 3814 ad
1017 3764 1156 3815 vestram
1182 3751 1377 3818 audientiam
1403 3750 1514 3837 appel·

561 3848 650 3925 lavit,
677 3849 759 3913 diem
790 3850 958 3935 praefigens
985 3850 1198 3932 Dominicam,
1224 3874 1289 3937 qua
1319 3852 1512 3930 cantabitur,

564 3952 667 4019 Quasi
687 3954 776 4015 modo
793 3953 909 4035 pertiti,
931 3953 1040 4016 dicens
1062 3974 1094 4015 se
1120 3952 1160 4015 ab
1186 3951 1364 4015 adversario
1389 3951 1513 4017 diutius

562 4048 679 4133 injuste
702 4064 862 4130 vexatam,
893 4066 924 4117 et
953 4053 979 4116 ei
1008 4053 1086 4116 nihil
1109 4052 1192 4138 juris
1221 4066 1400 4138 competere
1422 4056 1454 4118 in
1477 4056 1516 4120 iis

562 4169 635 4234 quae
652 4150 841 4214 moliebatur
856 4175 913 4237 per
931 4153 1120 4216 calumniam
1143 4166 1333 4239 extorquere
1354 4169 1385 4222 et
1408 4169 1445 4221 se
1461 4158 1516 4221 ad-

561 4273 672 4316 versus
681 4272 752 4314 eum
763 4249 939 4336 longissimi
953 4252 1103 4338 temporis
1112 4255 1352 4342 praescriptione
1363 4258 1514 4325 innixam.
