3875 5725
347 837 351 842 “
422 846 598 924 iles-u]
803 865 981 911 samsona.
1351 856 1370 910 5
1394 864 1407 877 “

416 1026 449 1076 et
466 1013 595 1089 tradita,
611 1029 643 1078 ot
665 1015 807 1082 chartam
824 1014 1005 1080 donationis
1019 1014 1158 1100 episcopi
1174 1014 1367 1098 proferebat.

415 1115 577 1179 Praeterea
606 1116 732 1183 dicebat
763 1116 850 1181 litem
884 1116 944 1181 sibi
982 1114 1145 1179 imminere
1182 1137 1277 1199 super
1306 1114 1370 1181 alia

414 1212 545 1278 ecclesia
565 1216 607 1280 ab
628 1217 738 1280 eodem
766 1216 916 1293 Ricardo,
931 1216 990 1301 qui
1013 1227 1075 1279 tam
1098 1214 1249 1300 episcopo
1269 1237 1367 1300 quam

414 1313 636 1380 archidiacono
651 1318 817 1403 synodalia
827 1331 859 1382 et
871 1317 1026 1404 quosdam
1039 1313 1163 1379 reditus
1174 1315 1368 1400 episcopales

415 1413 606 1479 moliebatur
621 1417 764 1480 auferre:
790 1429 822 1480 et
837 1416 879 1480 ob
894 1416 955 1479 hoc
969 1417 1077 1502 ipsum
1098 1415 1140 1479 'ad
1163 1413 1269 1477 sedem
1292 1438 1369 1500 apo·

413 1513 556 1579 stolioam
580 1516 764 1602 appellavit,
786 1517 869 1580 diem
894 1517 1063 1603 praefigens
1084 1529 1233 1580 octavum
1249 1538 1268 1578 a
1282 1516 1366 1581 festo

413 1611 498 1677 beati
520 1615 667 1682 Andreae.
696 1622 726 1683 Ε
748 1628 857 1682 contra
877 1617 944 1700 jam
973 1615 1078 1682 dictus
1104 1617 1261 1683 Ricardus
1284 1639 1366 1703 proe-

413 1714 563 1793 bendam,
589 1739 687 1802 quam
716 1739 800 1781 nunc
834 1718 1059 1792 calumniatur,
1091 1714 1123 1779 in
1155 1739 1252 1780 manu
1284 1718 1365 1803 epis·

414 1819 486 1902 copi
524 1820 679 1884 refutasse
716 1815 895 1904 respondit,
936 1817 1107 1902 ipsumque
1147 1816 1188 1880 ad
1229 1818 1366 1883 eundem

414 1917 588 1985 terminum
612 1920 655 1985 ad
680 1935 817 1985 vestram
845 1918 1041 1984 audientiam
1067 1918 1239 2006 appellavit
1270 1940 1368 2006 super

414 2021 616 2105 pactionibus
632 2019 764 2099 illicitis,
779 2035 811 2087 et
828 2022 910 2084 male
924 2021 1082 2106 acquisito
1097 2017 1367 2098 archidiaconatu,

413 2137 445 2187 et
465 2144 561 2207 super
575 2124 712 2188 introitu
728 2144 822 2211 quem
846 2127 880 2189 in
900 2121 1062 2186 eeclesiam
1085 2122 1126 2185 de
1151 2120 1294 2185 Haltona
1308 2141 1366 2205 per

412 2244 543 2287 manum
580 2226 693 2290 laicam
730 2224 853 2290 dicitur
896 2222 1055 2286 habuisse.
1114 2218 1366 2286 Arclridiaconus

414 2337 520 2389 tamen
550 2348 646 2411 super
678 2326 821 2410 ejusdem
851 2323 1022 2389 donatione
1050 2322 1193 2388 ecclesiae
1221 2323 1365 2386 chartam

412 2425 552 2513 episcopi
568 2427 764 2512 proferebat.
812 2423 909 2490 Vobis
931 2424 1041 2508 itaque
1059 2445 1187 2488 causam
1207 2422 1363 2507 integram

413 2526 657 2592 reservavimus.

616 2762 838 2824 EPISTOLA
861 2761 991 2822 V.-ao
1007 2779 1160 2823 sennan.

679 2896 820 2955 Domino
830 2914 928 2975 popa
946 2895 1101 2955 Adriano.

453 3026 661 3087 Srarnnunr
670 3035 744 3086 ante
755 3033 892 3086 nostram
906 3019 1107 3108 praesentiam
1120 3021 1236 3086 latores
1247 3022 1362 3087 horum

410 3128 463 3191 W.
493 3138 525 3188 et
561 3122 612 3198 R,
643 3145 781 3208 quorum
813 3124 856 3186 R.
885 3122 1092 3207 querebatur,
1124 3123 1210 3207 quod
1245 3136 1364 3189 temere

410 3226 463 3289 W.
487 3247 519 3287 se
549 3222 590 3287 ab
615 3222 748 3287 ecclesia
778 3242 834 3285 sua
860 3221 1015 3285 violenter
1040 3236 1071 3287 et
1096 3221 1218 3307 absque
1248 3223 1362 3289 ordine

403 3324 574 3409 judiciario
586 3325 773 3411 expulisset,
786 3347 843 3409 per
854 3336 1059 3410 potentatum
1071 3321 1197 3389 comitis
1209 3325 1360 3402 Simonis,

408 3425 441 3487 in
456 3428 549 3511 cujus
565 3427 748 3490 ulteriorem
770 3424 1020 3488 familiaritatem
1041 3427 1083 3489 R.
1106 3423 1273 3491 dicebatur
1287 3450 1361 3513 pro·

408 3541 524 3603 motus,
549 3548 653 3613 neque
676 3528 735 3590 hac
757 3524 928 3610 iniquitate
953 3538 1133 3602 contentus,
1159 3526 1361 3609 postmodum

407 3630 471 3710 per'
479 3626 667 3691 temeritatis
683 3649 748 3690 suoe
764 3624 902 3691 lautores
916 3625 1054 3688 eundem
1076 3626 1303 3712 presbyterum
1325 3627 1360 3692 iu

406 3727 536 3792 alterins
567 3728 709 3792 ecclesias
738 3751 804 3791 suae
834 3726 1020 3791 coemeterio
1045 3725 1170 3791 invasit.
1225 3726 1361 3794 Eductis

406 3827 516 3916 itaque
530 3828 686 3893 sociorum
701 3827 827 3911 gladiis,
843 3829 1006 3912 tensisque
1028 3827 1167 3890 arcubus
1181 3840 1214 3892 et
1229 3831 1360 3913 paratis,

406 3927 540 4017 ipsemet
566 3931 598 3994 in
625 3951 723 3993 manu
746 3930 887 3993 lanceam
915 3939 1042 4010 gestans
1068 3948 1175 3989 necem
1201 3943 1359 3996 maturam

407 4033 671 4113 comminabatur,
687 4030 746 4095 nisi
770 4027 981 4095 incontinenti
1002 4026 1098 4092 fidem
1119 4029 1210 4095 daret
1232 4052 1265 4094 se
1286 4044 1360 4097 ante

407 4135 664 4198 archidiaconum
681 4147 865 4206 venturum,
880 4129 990 4216 ibique
1013 4143 1198 4195 memoratas
1220 4131 1360 4198 ecclesiae

408 4235 679 4302 renunciaturum.
725 4234 921 4301 Sacramenti
937 4232 1048 4318 itaque
1060 4232 1236 4297 reverentia
1251 4249 1360 4300 tentus

407 4359 464 4399 nec
487 4357 549 4398 non
572 4349 603 4400 et
624 4335 861 4422 impressionem
885 4332 1057 4399 adversarii
1083 4333 1232 4418 potentis,
1261 4354 1357 4420 quem

406 4459 469 4501 uon
493 4446 616 4520 poterat
638 4438 699 4502 nisi
721 4461 793 4501 cum
816 4438 919 4522 patria
937 4436 1090 4519 effugere,
1106 4445 1260 4511 metuens,
1276 4437 1360 4501 sicut
