3875 5725
572 894 611 953 84
819 904 955 949 sonuum
972 903 1248 948 saansamuansrs
1427 887 1473 964 [n.
1492 903 1529 944 o.

573 1068 698 1120 oentum
727 1055 818 1118 annis
845 1053 987 1141 possedit
1013 1053 1170 1118 mutilare.
1209 1052 1390 1138 Stupebant
1419 1065 1528 1115 autern

573 1178 682 1221 omnes
701 1177 796 1242 super
818 1156 899 1220 tanti
916 1177 1014 1218 ausus
1029 1154 1202 1240 pertinacia
1216 1154 1385 1240 impunita.
1417 1154 1526 1229 Quum

573 1269 679 1321 autem
697 1245 840 1342 quinque
856 1269 912 1320 aut
928 1268 1049 1341 septem
1064 1256 1285 1340 interjacentes
1307 1254 1477 1338 parochiae,
1493 1267 1529 1317 ut

573 1358 673 1432 aiunt,
699 1358 833 1422 oculatae
862 1358 951 1432 fidei,
981 1356 1182 1420 manifestent
1212 1355 1362 1431 fundum,
1392 1355 1433 1417 de
1464 1379 1530 1441 quo

573 1459 691 1546 agitur,
702 1459 791 1522 nullo
805 1458 901 1522 ruodo
916 1458 957 1521 ad
972 1458 1164 1521 Cistrensem
1181 1455 1343 1519 ecclesiam
1355 1456 1532 1540 pertinere:

571 1574 661 1625 erant
677 1581 805 1646 quoque
817 1572 988 1646 praesentes
1003 1557 1118 1633 clerici,
1133 1559 1190 1641 qui
1205 1556 1266 1619 sibi
1281 1556 1345 1620 vim
1362 1569 1394 1620 et
1409 1569 1530 1619 atroces

571 1662 702 1747 injurias
713 1661 817 1726 illatas
831 1662 1059 1747 querebantur,
1071 1672 1102 1722 et
1119 1658 1231 1721 vicinis
1246 1658 1412 1722 constabat
1427 1659 1527 1720 omni-

572 1763 641 1843 bus,
664 1761 753 1847 quod
779 1762 897 1826 eisdem
920 1760 1120 1847 parochianis
1143 1759 1324 1824 sacerdotes
1347 1758 1446 1821 nostri
1470 1783 1530 1844 per

573 1875 676 1928 totum
692 1886 810 1927 annum
825 1866 931 1927 omnia
945 1862 1053 1926 diviua
1066 1861 1253 1926 ministrant.
1281 1863 1362 1925 Haec
1377 1874 1408 1924 et
1425 1861 1528 1924 multo

572 1964 667 2052 plura
680 1965 721 2028 ad
737 1965 901 2028 dominum
921 1963 1207 2048 archiepiscopum,
1224 1980 1255 2027 et
1280 1986 1340 2050 pro
1360 1976 1461 2048 parte,
1479 1986 1528 2024 me

573 2068 686 2145 invito,
705 2066 829 2153 prolata
852 2078 937 2142 sunt,
953 2064 1095 2151 adeoque
1118 2064 1262 2149 undique
1285 2063 1526 2138 conclamatum,

577 2179 613 2230 ut
629 2179 660 2229 et
676 2189 737 2250 ego
751 2166 792 2230 de
807 2165 958 2229 dilatione
980 2165 1164 2228 nonnullam
1180 2165 1388 2251 suspicionem
1407 2178 1531 2229 contra·

571 2265 688 2329 herem.
712 2265 854 2350 Praecepi
869 2289 946 2347 ergo
962 2283 997 2330 ut
1013 2279 1215 2330 contumaces
1229 2267 1438 2352 parochianos
1454 2289 1527 2329 suos

570 2381 704 2444 vestros,
715 2367 797 2452 sicut
809 2368 947 2431 decanus
959 2382 991 2432 et
1003 2369 1145 2454 synodus
1155 2369 1320 2443 suadebat,
1334 2369 1527 2432 anathemati

571 2469 767 2553 subjugaret.
801 2471 874 2554 Ego
898 2493 973 2534 vero
997 2470 1048 2534 die
1073 2472 1218 2557 sequenti
1242 2470 1302 2534 hoc
1325 2470 1373 2533 illi
1396 2469 1526 2542 decano,

570 2569 692 2634 coeteris
701 2568 914 2647 audientibus,
925 2570 1006 2634 sicut
1018 2571 1198 2656 injunctum
1211 2571 1317 2636 fuerat
1329 2570 1526 2634 denuntiavi.

571 2673 617 2737 Et
639 2672 708 2736 baec
729 2684 776 2734 est
798 2670 852 2735 ilia
878 2694 947 2735 mea
970 2672 1136 2748 sententia,
1163 2673 1257 2758 quani
1285 2697 1324 2737 ex
1347 2673 1526 2758 ignorantia

567 2777 651 2863 juris
665 2772 851 2862 processisse
867 2788 972 2839 vestra
987 2774 1136 2839 diseretio
1152 2775 1361 2860 deprehendit
1373 2787 1405 2839 et
1420 2797 1527 2862 repre·

571 2877 692 2943 hendit.
729 2878 785 2939 Me
801 2877 826 2940 si
842 2877 976 2963 quidem
999 2900 1141 2944 sermone
1156 2890 1188 2941 et
1203 2877 1334 2941 scientia
1349 2877 1452 2942 fateor
1466 2876 1527 2939 im·

571 2980 721 3065 peritum,
735 2993 767 3043 et
790 2978 847 3064 qui
863 3002 948 3043 nunc
966 2978 1088 3044 sufficio
1108 2983 1225 3045 intueri
1246 2978 1400 3065 quicquid
1418 2981 1523 3041 volue-

572 3080 642 3145 ritis
653 3081 850 3164 impugnare.
874 3082 956 3143 Nam
969 3080 1009 3143 ad
1023 3082 1083 3144 hoc
1095 3084 1167 3166 quis
1178 3080 1329 3144 idoneus?
1349 3077 1409 3141 Sed
1422 3080 1526 3142 nescio

572 3205 611 3268 an
635 3203 673 3243 ex
697 3192 801 3242 vestra
826 3180 999 3263 prudentia
1024 3181 1111 3244 istud
1139 3184 1337 3266 processerit,
1360 3179 1446 3267 quod
1467 3178 1525 3256 illi,

572 3281 629 3365 qui
645 3300 767 3362 semper
782 3290 899 3342 nostrae
914 3279 1044 3343 fuerunt
1060 3280 1275 3363 jurisdictioni
1291 3283 1437 3366 subjecti,
1453 3304 1526 3343 con-

570 3379 723 3465 cipientes
731 3378 876 3463 spiritum
889 3379 1053 3463 sapientiae
1063 3381 1252 3465 grandioris,
1263 3381 1334 3461 [ad]
1348 3381 1528 3443 vocationes

571 3473 670 3557 illius,
681 3480 744 3556 cui,
754 3479 813 3544 etsi
828 3501 892 3543 non
904 3479 1073 3566 episcopali
1083 3482 1169 3567 jure,
1180 3494 1284 3546 tamen
1295 3480 1527 3565 metropolitico

575 3580 710 3668 subjecti
725 3580 867 3660 fuerunt,
879 3580 1043 3665 dedignati
1056 3595 1130 3646 suut
1145 3582 1247 3645 facere
1262 3582 1382 3667 copiam
1400 3584 1459 3661 sui,
1476 3585 1525 3645 vei

573 3683 613 3747 ad
626 3683 695 3749 haeo
710 3698 748 3747 ut
759 3682 820 3746 fori
833 3681 1070 3768 praescriptione
1083 3695 1256 3748 uterentur.
1281 3683 1352 3745 Soio
1362 3682 1442 3746 enirn
1456 3685 1524 3747 haee

573 3809 613 3849 ex
628 3785 694 3849 aito
709 3783 895 3871 processisse
910 3784 1049 3848 consilio.
1075 3785 1146 3849 Non
1162 3795 1266 3847 tamen
1283 3784 1349 3846 haec
1364 3782 1467 3867 allego
1483 3784 1523 3846 ad

573 3887 807 3952 excusationem
819 3885 897 3974 mei,
905 3885 930 3949 si
942 3910 993 3950 me
1003 3908 1071 3951 essa
1083 3886 1220 3973 inculpa
1231 3885 1522 3972 pronuntiaveritis,

573 3987 649 4072 quia
661 3987 744 4052 malo
759 4012 778 4051 a
793 3980 882 4053 vobis
897 3989 1019 4053 veniam
1037 3991 1208 4073 postulare,
1220 4010 1315 4073 quam
1332 3986 1379 4050 uti
1397 3986 1525 4050 rationi·

574 4088 634 4149 bus
644 4088 739 4170 juris,
754 4100 784 4152 et
800 4088 937 4172 allegare
953 4090 1137 4154 mandatum
1154 4089 1295 4166 Domini,
1311 4101 1342 4152 et
1358 4089 1524 4152 necessita·
1580 4074 1586 4088 ⁸

575 4199 636 4250 tem
658 4187 863 4273 obsequendi.
893 4190 942 4254 Ad
966 4192 1089 4276 reliqua
1111 4196 1239 4255 seorsim
1264 4191 1524 4278 respondebitur:

575 4287 704 4353 consulo
733 4301 837 4351 tamen
866 4302 901 4352 ut
930 4292 1102 4355 Dominum
1130 4315 1233 4357 meum
1261 4307 1334 4356 ante
1360 4294 1524 4357 concilium

575 4389 716 4455 videatis.
