3875 5725
483 839 526 896 94
744 846 881 891 rossum
897 844 1177 891 sanusasarsusrs
1350 827 1398 907 [A.
1418 847 1452 891 n.

489 998 630 1067 Ricardo
646 998 840 1063 Londinensi
864 997 1029 1084 episcopis,
1051 995 1243 1081 saepedictus
1259 995 1452 1060 Willelmus

491 1102 612 1188 absque
637 1100 731 1166 ullius
757 1100 951 1185 gravaminis
975 1097 1176 1183 allegatione,
1203 1097 1313 1175 tertia,
1338 1114 1454 1163 contra

487 1202 571 1289 juris
586 1204 719 1267 sormam
741 1219 778 1267 ut
793 1202 885 1266 nobis
899 1202 1002 1265 visum
1018 1215 1077 1281 est,
1092 1199 1132 1263 ad
1155 1198 1330 1263 consistorii
1349 1199 1448 1269 vestri

494 1305 711 1372 excellentiam
739 1303 923 1391 appellavit,
946 1303 1116 1366 terminum
1139 1300 1345 1388 appellationi
1369 1324 1453 1387 prae-

496 1411 596 1494 ligeris
611 1407 807 1473 Dominicam
824 1428 889 1490 qua
904 1402 1097 1479 cantabitur,
1116 1405 1241 1467 lactare
1255 1404 1451 1467 Jerusalem.

497 1512 661 1575 Robertus
682 1531 755 1573 vero
774 1509 942 1573 terminum
966 1505 1150 1585 coarctavit,
1171 1505 1255 1568 diem
1279 1504 1451 1592 praeiigens

499 1612 723 1699 Epiphaniam.

667 1906 890 1979 EPISTOLA
914 1907 1115 1971 XXll.-ao
1132 1922 1285 1966 nr'unnu.

842 2042 990 2103 Adriano
1007 2043 1113 2122 Papa.

548 2179 846 2248 cantuarensium,
857 2195 930 2257 quae
945 2173 1029 2237 inter
1044 2173 1219 2236 Robertum
1236 2174 1409 2258 quendam,
1424 2188 1456 2240 et

505 2275 678 2343 Ricardum
703 2274 744 2337 de
771 2273 892 2359 Ambly
918 2274 1112 2348 vertebatur,
1138 2296 1234 2358 super
1263 2275 1394 2340 ecclesia
1417 2277 1458 2341 de

505 2376 748 2461 wacheringiis,
785 2377 935 2440 serenitas
973 2390 1078 2439 vestra
1114 2376 1206 2440 nobis
1249 2376 1457 2442 decidendam

508 2478 674 2562 delegavit.
735 2477 886 2540 Partibus
919 2477 1029 2561 itaque
1059 2499 1076 2539 e
1106 2476 1233 2557 regione
1265 2477 1458 2555 constitutis,

509 2601 608 2665 quum
624 2578 798 2644 assiderent
821 2579 912 2641 nobis
927 2578 1124 2641 venerabiles
1140 2579 1255 2641 fratres
1277 2580 1386 2656 nostri,
1403 2582 1460 2646 Ri-

507 2681 623 2744 cardus
639 2680 871 2744 Londoniensis
882 2693 914 2742 et
928 2677 1072 2742 Hilarius
1088 2678 1293 2744 Cicestrensis
1307 2682 1459 2768 episcopi,

509 2782 672 2846 Robertus
688 2794 892 2846 memoratam
908 2779 1070 2845 ecclesiam
1085 2780 1226 2867 petebat,
1237 2805 1333 2869 quam
1350 2783 1410 2850 sibi
1425 2786 1458 2851 in

509 2886 598 2956 cirria
612 2885 825 2951 londoniensi
846 2884 1060 2971 adjudicatam
1085 2883 1254 2948 asserebat.
1299 2887 1330 2949 E
1350 2902 1461 2954 contra

510 2988 668 3052 Ricardus
686 2988 824 3073 quadam
848 2987 1020 3050 collusione
1044 2985 1196 3048 adversus
1220 2987 1396 3052 Monachus
1421 2991 1463 3055 de

512 3087 724 3151 Pritelewella
754 3087 912 3150 dictatum
942 3108 1009 3148 esse
1041 3084 1200 3169 judicium
1232 3085 1401 3172 allegabat,
1432 3116 1465 3156 se

512 3175 588 3250 uero
608 3188 748 3250 ecclesiae
763 3208 972 3272 possessorem
994 3209 1159 3273 nunquam
1181 3188 1326 3266 citatum,
1341 3189 1459 3257 nullam

512 3291 595 3352 inter
619 3312 651 3351 se
668 3273 708 3351 ¹et
734 3288 911 3370 Robertum
935 3288 1032 3353 latam
1054 3289 1152 3353 fuisse
1178 3292 1364 3357 sententiam
1388 3317 1461 3359 con·

513 3401 634 3453 stanter
653 3412 844 3470 asseverans,
866 3392 953 3477 quod
976 3406 1008 3455 et
1030 3392 1098 3477 ipsc
1125 3391 1359 3458 Londoniensis
1382 3397 1465 3484 epis-

514 3514 614 3575 copus
629 3491 732 3579 palam
749 3492 841 3557 nobis
856 3494 1004 3557 omnibus
1024 3493 1184 3558 consessus
1199 3510 1257 3561 est.
1302 3501 1466 3564 Robertus

514 3592 622 3677 itaque
644 3593 685 3657 ad
707 3593 774 3657 haec
795 3594 875 3658 nihil
898 3594 1103 3682 respondens,
1118 3594 1311 3686 audientiam
1328 3613 1465 3665 vestram

515 3693 700 3782 appellavit,
714 3694 797 3758 diem
814 3696 1011 3760 constituens
1025 3708 1152 3779 octavas
1168 3698 1250 3762 beati
1269 3699 1419 3781 Andreae.

561 3980 783 4046 EPISTOLA
807 3983 1026 4046 XXIlI.—ao
1041 4000 1224 4050 sarnanum
1239 4000 1428 4047 nmscoruu

862 4102 1123 4146 wmoauausnu.

751 4214 881 4293 Alsredo
904 4215 1048 4296 Wiyorrr.
1064 4218 1235 4299 Episcopo

475 4425 478 4430 ⁵
565 4350 677 4414 Suana
703 4346 873 4433 prudentia
899 4361 1005 4413 vestra
1035 4350 1110 4413 satis
1138 4350 1288 4414 admirari
1314 4371 1375 4415 non
1400 4373 1475 4437 pos·

521 4473 641 4538 sumus,
667 4470 751 4536 quae,
774 4460 894 4537 nostro,
917 4460 948 4512 et
973 4449 1108 4515 fratrum
1133 4468 1312 4543 nostrorum
1342 4452 1474 4542 ορηείΙίρ
