3875 5725
420 867 613 947 trac-ct]
803 885 982 931 aersrosn.

512 1173 736 1237 EPISTOLA
758 1173 957 1237 XCIb-an
973 1191 1153 1236 nonncnos
1169 1192 1212 1236 nn
1229 1189 1259 1235 n.

748 1316 920 1379 Monachis
934 1317 973 1380 de
988 1317 1034 1379 N.

458 1449 591 1513 Onnum
606 1449 742 1512 animam
764 1447 977 1535 potestatibus
998 1448 1214 1536 superioribus
1236 1449 1369 1535 subjicit

417 1549 556 1635 Spiritus
570 1550 669 1615 sancti
685 1573 743 1633 per
757 1551 936 1635 apostolum
950 1574 1042 1616 suum
1055 1551 1166 1614 emissa
1182 1551 1366 1637 praeceptio,

416 1650 469 1713 cui
490 1650 635 1737 quisquis
657 1651 786 1726 resistit,
810 1651 925 1715 divinae
947 1652 1147 1738 dispositioni
1169 1652 1368 1717 convincitur

417 1752 584 1817 contraire.
637 1752 750 1816 Virtus
779 1753 804 1816 si
834 1753 964 1838 quidem
996 1751 1185 1818 obedientiae
1213 1766 1273 1830 est,
1303 1774 1368 1839 qua

312 1843 316 1852 ’
416 1852 533 1917 divinis
546 1853 697 1930 bumana,
713 1866 837 1918 terrena
851 1851 1033 1919 coelestibus
1047 1851 1218 1919 sociantur.
1265 1855 1369 1939 Cujus

417 1966 660 2039 contemptores,
683 1968 838 2041 quantum
863 1956 895 2020 in
922 1979 955 2020 se
978 1968 1038 2036 est,
1058 1955 1207 2020 scindunt
1230 1954 1369 2018 ecclesiae

417 2054 585 2131 unitatem,
597 2067 628 2120 et
645 2055 833 2141 dirumpunt
849 2076 1033 2144 compagem
1049 2056 1192 2142 spiritus,
1207 2077 1283 2142 qnae
1297 2078 1371 2121 cou-

417 2157 499 2221 sistit
517 2157 549 2220 in
566 2157 694 2221 vinculo
715 2157 809 2244 pacis
857 2159 954 2222 Unde
977 2156 1017 2221 de
1033 2169 1138 2222 vestra
1159 2157 1370 2236 fraternitate,

416 2279 492 2344 quoe
506 2281 564 2344 per
579 2257 823 2322 misericordiam
841 2259 914 2336 Dei,
927 2259 1072 2324 arctioris
1084 2260 1158 2323 vitoe
1169 2260 1311 2345 professa
1322 2271 1371 2324 est

415 2363 570 2445 regulam,
582 2374 614 2424 et
631 2359 884 2426 eminentissimae
901 2360 1061 2444 religionis
1078 2375 1221 2426 assecuta
1236 2373 1283 2425 est
1298 2382 1371 2445 gra-

416 2461 491 2525 dum
505 2487 513 2540 ;
541 2463 616 2527 satis
631 2462 780 2526 admirari
797 2485 859 2526 non
875 2484 1055 2547 possumus,
1071 2464 1160 2551 quod
1180 2461 1368 2526 mandatum

416 2563 536 2627 domini
547 2585 638 2648 papae
646 2578 678 2628 et
688 2563 1237 2650 nostrumhactenuscontempsistis.
1260 2565 1369 2640 Quum

417 2665 501 2726 enim
518 2686 576 2726 vos
592 2686 630 2728 ex
646 2664 797 2727 mandato
817 2664 992 2748 apostolico
1012 2665 1140 2749 soepins,
1156 2677 1193 2728 ut
1213 2664 1369 2746 oportuit,

418 2778 450 2828 et
475 2763 558 2827 forte
581 2764 698 2849 saepius
721 2785 818 2849 qnam
842 2764 1021 2848 oportuerit
1045 2778 1180 2848 paterna
1202 2765 1370 2848 diligentia

418 2863 729 2943 commonuissemus,
741 2876 900 2949 quatenus
911 2862 1049 2925 decimas
1059 2863 1217 2926 Roffensis
1231 2863 1370 2927 ecciesiae

417 2965 525 3031 Paridi
556 2963 779 3029 archidiacono
806 2975 843 3025 ut
868 2961 998 3047 justitio
1023 2962 1124 3046 exigit
1149 2964 1371 3040 restitueretis,

417 3071 542 3134 iteratis
556 3069 727 3153 praeceptis
742 3087 804 3130 non
824 3064 918 3128 modo
938 3086 1001 3127 non
1022 3065 1226 3151 profecimus,
1242 3065 1295 3129 sed
1313 3088 1370 3131 nec

419 3170 635 3256 subjectionis,
649 3182 705 3233 aut
720 3167 856 3253 alicujus
877 3166 1069 3232 humilitatis
1084 3166 1172 3230 verbi
1194 3180 1251 3231 aut
1265 3167 1370 3254 operis

418 3272 609 3351 testimonio,
624 3270 715 3337 nobis
729 3291 905 3356 apparuere
917 3269 1061 3355 vestigia.
1096 3269 1179 3347 Quia
1193 3292 1280 3354 ergo,
1294 3270 1369 3336 licet

418 3388 560 3439 nostram
580 3372 802 3460 aequanimitcr
824 3367 986 3436 interdum
1010 3384 1135 3456 portare
1150 3371 1307 3457 possimus
1321 3372 1369 3436 in-

414 3475 545 3562 juriam,
570 3489 789 3562 contemptum
814 3472 935 3538 domini
964 3496 1057 3560 papae
1083 3472 1280 3539 dissimulare
1305 3498 1369 3541 nou

419 3600 598 3664 possumus,
623 3600 680 3643 nec
704 3576 868 3654 debemus,
891 3576 982 3641 vobis
1001 3575 1215 3661 praecipiendo
1241 3576 1371 3643 manda·

418 3704 501 3758 mus,
518 3693 554 3744 ut
570 3679 655 3743 omni
671 3681 833 3743 occasione
854 3691 885 3742 et
906 3675 1059 3740 dilatione
1073 3690 1207 3755 remota,
1220 3676 1379 3761 praefatas'

420 3782 557 3846 decimas
591 3792 765 3844 memorato
800 3777 1022 3841 archidiacono
1054 3778 1150 3863 juxta
1185 3776 1370 3841 mandatum

419 3884 627 3969 apostolicum
651 3879 838 3957 restituatis,
860 3901 878 3942 a
899 3878 1027 3957 divinis,
1052 3880 1223 3942 secundum
1251 3889 1373 3942 statuta

420 3997 560 4068 patrum,
577 3986 781 4062 abstinentes,
801 3980 901 4045 donec
920 3978 1040 4043 domini
1060 4001 1152 4065 papae
1173 3979 1371 4062 mandatum,

421 4099 453 4149 et
478 4101 621 4151 nostrum
648 4084 874 4172 impleveritis:
912 4082 1074 4146 eeclesiam
1103 4103 1232 4167 quoque
1261 4082 1371 4147 nullus

422 4199 561 4249 vestrum
575 4201 747 4273 praesumat
761 4185 897 4272 ingredi,
907 4184 984 4250 dnm
994 4182 1124 4247 crimine
1135 4183 1371 4262 inobedientiae,

421 4286 522 4350 scelus
538 4287 690 4352 ariolandi
707 4302 738 4352 et
753 4286 940 4352 idololatriae
956 4283 1155 4371 perpetretis.
