3875 5725
505 844 700 925 lton-ol]
915 863 1092 910 omsroms.

790 1084 1011 1148 EPISTOLA
1035 1084 1173 1146 LXVII.

542 1221 597 1286 Ex
617 1224 797 1288 testimonio
817 1236 921 1286 vestro
944 1223 1134 1309 accepimus,
1155 1224 1231 1309 quia
1253 1223 1350 1289 latrix
1372 1247 1452 1310 prae·

497 1324 678 1404 sentium‚a
699 1324 823 1404 clerico,
838 1326 890 1388 cui
914 1325 1115 1389 matrimonio
1128 1326 1243 1411 juncta
1265 1339 1344 1402 erat,
1363 1325 1452 1390 dere-

496 1424 570 1489 licta
585 1426 676 1491 alteri
691 1427 812 1513 nupsit,
828 1439 913 1492 etex
930 1449 967 1489 eo
983 1429 1122 1512 suscepit
1137 1426 1260 1492 liberos.
1307 1425 1450 1494 Clericus

497 1549 570 1590 vero
593 1550 724 1613 peregre
747 1542 888 1593 moratus
914 1529 947 1591 in
975 1527 1169 1592 sacerdotem
1197 1543 1363 1615 promotus
1389 1543 1449 1606 est,

497 1651 716 1714 reversusque,
734 1653 845 1706 uxore,
860 1652 958 1714 quam
981 1629 1129 1705 duxerat,
1150 1644 1339 1716 contempta,
1354 1634 1453 1717 coepit

497 1727 528 1789 in
548 1728 719 1792 sacerdotii
736 1725 848 1790 ordine
870 1728 1059 1791 ministrare.
1104 1730 1213 1804 Quum
1235 1751 1310 1791 vero
1331 1743 1393 1793 tam
1410 1754 1449 1794 ex

405 1845 410 1855 ⁸
497 1851 607 1892 eorum
631 1828 836 1908 confessione,
856 1850 951 1913 quam
975 1849 1018 1892 ex
1041 1828 1181 1912 legitima
1205 1830 1333 1892 testium
1357 1852 1454 1894 asser-

500 1930 584 1992 tione
605 1940 742 2006 constet,
765 1931 866 2014 ipsam
891 1951 963 1992 eum
987 1928 1101 1992 clerico
1122 1929 1358 1993 matrimonium
1381 1953 1454 1994 con-

498 2028 643 2117 traxisse,
668 2029 798 2115 planum
824 2042 870 2092 est
895 2016 974 2114 quia
999 2029 1138 2093 secundo
1163 2029 1278 2093 marito
1303 2030 1451 2117 deinceps

497 2130 659 2194 adhaerere
676 2153 737 2194 non
753 2140 868 2216 potest.
904 2131 998 2207 Quod
1015 2131 1098 2194 enim
1114 2131 1246 2194 clericus
1261 2154 1293 2194 se
1310 2143 1451 2218 tempore

495 2233 648 2297 contracti
660 2231 853 2297 matrimonii
866 2232 1096 2296 subdiaconum
1108 2232 1203 2296 fnisse
1214 2235 1337 2311 asserit,
1350 2257 1451 2320 quum

497 2334 556 2400 hoc
584 2335 713 2421 probari
740 2348 889 2419 nequeat,
916 2348 1047 2398 eatenus
1073 2334 1208 2421 proficit,
1237 2348 1274 2399 ut
1299 2337 1452 2420 indignus

495 2449 661 2502 censeatur
683 2435 793 2499 ordine
815 2440 917 2521 quem'
938 2434 1138 2520 contempsit,
1163 2460 1220 2500 nec
1247 2439 1451 2522 permittatur

495 2535 526 2598 in
543 2561 581 2600 eo
596 2538 785 2614 ministrare,
801 2561 897 2623 quem
912 2539 1104 2623 conjugatus
1119 2537 1228 2602 illicita
1245 2540 1450 2625 usurpatione

494 2638 707 2724 praesumpsit.
769 2639 932 2724 Siquidem
969 2652 1093 2703 constat
1122 2663 1223 2724 quum
1258 2663 1298 2704 ex
1330 2642 1450 2719 multis,

494 2751 560 2800 tum
584 2762 623 2800 ex
644 2740 782 2800 secundo
804 2738 936 2801 concilio
958 2737 1125 2815 Toletano,
1142 2739 1229 2824 quod
1252 2763 1305 2803 eos
1327 2741 1384 2826 qui
1406 2742 1448 2805 ad

495 2838 758 2904 subdiaconatum
785 2838 951 2915 accedunt,
975 2852 1101 2923 oportet
1127 2840 1350 2903 continentiam
1378 2864 1450 2925 pro-

494 2940 586 3004 fiteri.
634 2943 782 3025 Itemque
807 2962 846 3002 ex
873 2939 1006 3001 concilio
1029 2939 1207 3003 Arelatensi
1235 2940 1350 3026 liquet,
1374 2941 1449 3024 quia

492 3042 609 3107 assumi
642 3043 781 3126 aliquem
809 3041 1052 3124 conjugatorum
1079 3039 1119 3102 ad
1148 3040 1358 3104 sacerdotium
1385 3064 1448 3104 non

492 3157 631 3229 oportet,
659 3144 717 3207 nisi
748 3142 845 3205 fuerit
875 3141 1038 3227 praemissa
1068 3129 1248 3205 conversio:
1273 3135 1358 3205 unde
1388 3143 1448 3207 nisi

480 3266 576 3329 'uxor
606 3242 830 3307 continentiam
862 3264 958 3327 quam
992 3264 1105 3304 vovere
1137 3241 1206 3305 vult
1235 3245 1446 3327 praeeligeret,

492 3345 705 3434 proculdubio
734 3345 833 3430 priori
864 3343 932 3406 viro
961 3342 1158 3407 restituenda
1191 3356 1283 3419 esset,
1312 3344 1447 3429 ipseque
1511 3371 1514 3378 ·

490 3447 660 3511 sacerdotii
684 3444 958 3509 administratione
978 3444 1132 3530 privatus,
1152 3444 1293 3529 corporis
1314 3447 1364 3509 sui
1387 3468 1444 3531 po-

490 3558 635 3612 testatem
657 3548 754 3633 juxta
775 3558 918 3609 sanctum
940 3545 1120 3630 apostolum
1139 3545 1319 3629 indulgeret
1341 3546 1445 3610 uxori.

492 3650 565 3712 Hoc
587 3649 669 3711 enim
693 3662 724 3710 et
747 3647 861 3710 beatus
888 3645 1054 3728 Eugenius
1076 3645 1109 3708 in
1129 3667 1227 3708 causa
1249 3645 1342 3708 simili
1364 3646 1444 3710 diffi-

489 3748 581 3828 nivit,
604 3748 719 3833 utqui
743 3746 850 3809 relicta
873 3767 974 3833 uxore
999 3746 1040 3807 ad
1066 3743 1321 3829 presbyteratum
1345 3767 1446 3808 acces·

489 3863 584 3925 serat,
600 3848 730 3911 avulsus
745 3847 786 3909 ab
805 3843 896 3909 altari
919 3843 1036 3906 rediret
1051 3843 1091 3905 ad
1107 3841 1244 3905 officium
1265 3843 1443 3928 conjugale,

489 3949 595 4035 quoad
633 3971 714 4013 uxor
751 3945 844 4009 vellet
880 3943 1104 4007 continentiam
1140 3944 1290 4028 profiteri.
1347 3949 1443 4009 Nunc

488 4066 606 4128 autem,
632 4051 713 4137 ,qnia
742 4047 876 4111 clericus
911 4046 944 4108 in
982 4044 1180 4108 ordinatione
1216 4046 1440 4112 continentiam

491 4151 589 4229 vovit,
604 4165 635 4216 et
652 4175 735 4217 rixor
750 4164 861 4215 votum
884 4147 991 4211 mariti
1013 4146 1055 4210 ob
1076 4143 1395 4230 amoremcastitatis,
1410 4162 1442 4214 et

489 4274 577 4336 spem
593 4252 788 4335 poenitentiae
803 4252 988 4325 fructuosae,
1005 4261 1110 4312 ratum
1132 4249 1227 4313 habet
1250 4264 1282 4314 et
1299 4263 1441 4335 gratum,

488 4351 633 4415 imminet
650 4351 776 4435 utrique
792 4352 959 4415 necessitas
975 4349 1167 4429 continendi,
1182 4363 1214 4413 et
1229 4350 1384 4413 sacerdoti
1399 4351 1440 4413 ad

386 4530 391 4540 .
487 4472 627 4538 praesens
642 4451 799 4536 praeclusa
813 4466 860 4515 est
875 4452 1003 4515 licentia
1018 4452 1227 4516 ministrandi.
1274 4451 1335 4527 Qui
1356 4451 1438 4513 enim
