3875 5725
576 866 635 925 126
826 874 962 920 Joauuts
978 871 1257 918 saansasnransrs
1428 855 1472 934 [s.
1491 876 1523 918 n.

567 1043 676 1095 autem
696 1025 837 1091 articulis
860 1023 920 1088 sibi
942 1023 1066 1108 copiam
1089 1023 1217 1086 testium
1241 1047 1307 1087 esse
1329 1023 1467 1102 dicebat,
1482 1038 1520 1089 ut

569 1153 627 1195 nec
641 1130 682 1193 de
706 1125 907 1191 matrimonio
929 1124 1020 1209 prius
1042 1136 1216 1201 contracto,
1231 1146 1289 1187 nec
1311 1125 1351 1187 de
1373 1125 1523 1210 interpel-

568 1233 685 1297 latione
700 1227 862 1314 sequentis
873 1225 1086 1301 contubernii,
1097 1246 1156 1287 nec
1168 1224 1211 1287 de
1226 1225 1364 1289 divortio
1374 1227 1522 1290 canonice

567 1334 727 1398 celebrato
757 1330 929 1416 quisquam
963 1328 1064 1413 possit
1094 1327 1266 1413 ambigere.
1312 1331 1358 1392 Et
1391 1330 1521 1414 quidem

568 1457 669 1520 quum
685 1455 744 1518 pro
759 1454 791 1495 se
809 1429 948 1515 plurima
962 1428 1125 1512 allegaret,
1141 1429 1278 1492 maxime
1301 1429 1346 1493 rei
1364 1431 1520 1514 judicatae

568 1535 732 1600 insistebat
748 1530 895 1607 articulo,
907 1542 939 1594 et
956 1529 1131 1604 sententiae,
1144 1552 1238 1614 quam
1253 1531 1285 1593 in
1298 1532 1421 1616 synodo
1437 1536 1520 1596 Lon·

567 1635 714 1701 doniensi
738 1632 794 1697 ubi
816 1632 990 1696 divortium
1009 1631 1213 1705 celebratum,
1230 1645 1261 1696 et
1282 1632 1435 1696 adversus
1456 1657 1521 1696 ma-

568 1751 649 1803 trem
674 1735 817 1800 Mabiliae
840 1758 859 1798 a
882 1733 1011 1796 domino
1032 1732 1245 1797 Wintoniensi
1266 1747 1343 1798 tunc
1358 1734 1474 1820 legato,
1488 1748 1520 1799 et

568 1837 798 1907 londoniensis
827 1833 966 1900 ecclesiae
997 1835 1114 1898 vicario
1152 1835 1248 1900 latam
1285 1858 1352 1900 esse
1385 1837 1519 1901 dicebat.

569 1941 728 2006 Produxit
743 1940 839 2005 etiam
856 1950 952 2002 testes
975 1959 1056 2021 quos
1077 1936 1178 2000 eidem
1195 1938 1317 2022 synodo
1330 1953 1363 2003 et
1383 1939 1520 2004 divortio

568 2041 751 2107 interfuisse
766 2037 911 2104 assernit.
949 2039 1034 2114 Quia
1048 2058 1123 2120 ergo
1139 2039 1229 2102 liberi
1245 2040 1300 2125 qui
1315 2063 1355 2103 ex
1370 2040 1520 2106 damnato

568 2156 601 2207 et
623 2143 735 2207 illicito
756 2140 852 2215 coitu,
876 2161 930 2202 seu
954 2162 996 2203 ex
1020 2140 1121 2203 effusa
1142 2142 1395 2227 concupiscentia
1420 2144 1520 2227 geniti

568 2256 645 2309 sunt
659 2242 701 2306 ab
712 2240 814 2305 omnis
828 2260 959 2325 prorsus
975 2239 1170 2305 haereditatis
1183 2243 1334 2306 beneficio
1345 2244 1529 2308 excludun·‘

569 2356 635 2420 tur,
660 2365 777 2428 eosque
802 2363 859 2405 nec
885 2342 963 2426 jura
991 2341 1106 2420 civilia,
1131 2364 1189 2407 nec
1218 2344 1305 2429 leges
1321 2334 1521 2430 agnoscunt,

568 2464 790 2529 canonumque
812 2441 892 2505 adeo
917 2441 1077 2527 improbat
1100 2442 1202 2527 vigor,
1224 2459 1260 2510 ut
1286 2467 1346 2512 nec
1372 2446 1522 2511 alimenta

568 2544 729 2620 decernat,
746 2543 801 2606 sed
817 2541 1056 2627 quodammodo
1072 2543 1140 2629 juri
1160 2545 1247 2630 quod
1271 2546 1328 2611 ills
1349 2548 1519 2624 subtrabit,

568 2645 766 2730 adquiescat,
794 2644 895 2730 ipsam
922 2656 1074 2729 tanquam
1105 2647 1229 2731 paterni
1258 2648 1399 2714 criminis
1426 2672 1521 2735 argu-

568 2759 723 2828 mentum,
744 2769 764 2811 a
786 2746 886 2812 totius
912 2745 1109 2810 baereditatis
1134 2769 1190 2833 spe
1217 2747 1430 2816 contendebat
1454 2774 1520 2816 esse

567 2850 747 2916 arcendam.
792 2847 843 2914 Ad
865 2847 933 2912 haec
959 2847 1094 2912 Mabilia
1118 2849 1158 2915 ad
1183 2851 1310 2935 cognati
1331 2853 1378 2919 sui
1401 2852 1520 2917 calum-

568 2948 652 3013 niam
669 2948 888 3036 depellendam
906 2960 1053 3033 parentes
1068 2972 1141 3014 suos
1152 2950 1353 3016 Willelmum
1368 2966 1400 3018 et
1414 2954 1521 3019 Adeli-

566 3050 649 3117 ciam
675 3052 818 3136 legitime
843 3050 1031 3133 conjunctos
1054 3053 1222 3127 asserebat,
1247 3066 1280 3118 et
1304 3058 1433 3141 nuptias
1456 3077 1520 3117 non

567 3151 790 3225 clandestinas,
803 3152 858 3214 sed
871 3149 1024 3214 solemnes
1035 3150 1067 3214 in
1077 3151 1156 3215 facie
1165 3154 1305 3219 ecclesiae
1315 3154 1519 3219 contraxisse.

568 3256 642 3318 Non
669 3251 807 3316 multum
839 3262 943 3313 tamen
974 3250 1186 3330 inficiabatur,
1212 3259 1292 3341 quin
1322 3268 1414 3340 pater
1442 3279 1519 3320 suus

569 3351 765 3427 Willelmus,
790 3365 919 3437 pactum
945 3352 1202 3435 sponsalitiorum
1228 3356 1269 3421 de
1291 3356 1435 3421 Albreda
1460 3357 1520 3420 du-

567 3452 677 3526 cenda,
689 3474 791 3537 quum
803 3463 893 3536 pater
904 3449 1005 3536 ipsius
1016 3468 1189 3541 antequam
1200 3457 1328 3523 duceret
1342 3457 1516 3521 Adeliciam

569 3552 715 3620 Mabiliae
738 3562 883 3626 matrem,
903 3551 1021 3627 inierit,
1037 3553 1093 3617 sed
1116 3555 1198 3621 illud
1224 3558 1389 3644 usquead
1413 3557 1521 3620 matri·

569 3654 710 3722 monium
726 3653 906 3739 pervenisse
922 3650 1071 3735 negabat,
1083 3656 1138 3721 sed
1154 3657 1231 3744 quia
1242 3658 1474 3724 matrimonium
1487 3660 1520 3722 in

565 3753 784 3822 contrahendo
807 3766 839 3817 et
864 3754 1073 3819 distrahendo
1099 3757 1237 3824 liberum
1265 3782 1332 3824 esse
1356 3761 1450 3826 debet
1480 3760 1520 3823 de

567 3879 720 3924 consensu
741 3855 882 3942 partium
908 3867 1035 3941 pactum
1061 3858 1331 3944 sponsalitiorum,
1347 3874 1519 3943 utrumque

565 3960 650 4026 dixit
670 3982 737 4024 esse
761 3957 937 4035 remissum,
953 3960 1043 4045 quod
1064 3983 1105 4024 ex
1127 3984 1165 4025 eo
1188 3962 1323 4046 probare
1345 3961 1518 4034 nitebatur,

568 4058 655 4145 quod
672 4070 768 4122 testes
780 4059 978 4143 apparebant
993 4062 1096 4145 parati
1112 4063 1258 4147 probare,
1270 4061 1354 4146 patri
1368 4058 1517 4125 Albredae

567 4158 746 4247 pecuniam,
761 4180 857 4242 quam
876 4157 1053 4225 Willelmus
1071 4163 1113 4226 ab
1136 4185 1174 4226 eo
1196 4175 1357 4248 receperat
1380 4184 1447 4226 esse
1470 4185 1521 4226 re·

567 4261 690 4325 lusani:
721 4256 913 4341 adjiciebant
932 4260 1028 4324 etiam
1045 4262 1232 4339 Albredam,
1247 4276 1280 4329 et
1304 4276 1429 4350 patrem
1450 4264 1519 4350 ejus

566 4380 691 4424 omnem
721 4356 961 4441 obligationem,
993 4381 1065 4444 quae
1094 4362 1325 4442 intercesserat,
1356 4387 1396 4429 ex
1426 4385 1521 4429 causa

566 4458 770 4539 matrimonii,
786 4472 822 4523 ut
845 4464 1045 4546 sperabatur,
1059 4465 1242 4551 copulandi,
1257 4467 1415 4533 remisisse
1433 4464 1524 4528 Wil·.
