3875 5725
1400 706 1413 731 l.

563 862 627 920 ‘224
821 871 957 916 soaxrrs
973 870 1251 915 sannsanrunrsrs
1423 849 1469 928 [n.
1486 871 1516 912 u.

565 1038 619 1088 aut
628 1025 930 1106 archiepiscopatur,
941 1035 975 1086 ut
986 1023 1094 1098 crede,
1104 1033 1157 1085 aut
1166 1022 1432 1104 archiepiscopari
1443 1041 1521 1083 con-

565 1123 1521 1206 tendit,utaemulimentiuntur,penitusretorquendaest‚qui

566 1240 754 1310 regemtunc
762 1227 802 1290 ad
810 1229 979 1311 omniapro
987 1229 1117 1290 arbitrio
1125 1225 1522 1309 impellebat‚ethaecsicut

567 1330 630 1392 alia
651 1331 752 1392 multa
766 1331 850 1392 mala
864 1329 1003 1392 induxit.
1053 1328 1147 1399 Quod
1164 1327 1222 1390 etsi
1246 1347 1305 1407 ego
1321 1327 1435 1388 salsum
1450 1347 1520 1387 esse

567 1429 720 1502 noverim,
742 1439 853 1510 utpote
877 1427 933 1509 qui
948 1448 1020 1488 eum
1046 1426 1111 1488 scio
1128 1435 1204 1487 tunc
1222 1445 1285 1485 non
1302 1424 1519 1486 auctoritatem

568 1530 754 1611 praestitisse
774 1528 901 1591 libidini
923 1528 979 1590 sed
1001 1525 1307 1589 obsecundationem
1326 1525 1520 1601 necessitati,

568 1643 677 1693 tamen
707 1631 782 1713 quia
812 1651 884 1691 eum
916 1631 1096 1691 ministrum
1125 1627 1302 1710 iniquitatis
1326 1627 1423 1688 fuisse
1454 1647 1519 1688 non

569 1732 709 1813 ambigo,
719 1732 790 1815 jure
806 1733 927 1815 optimo
943 1732 1047 1794 taliter
1061 1731 1193 1793 arbitror
1206 1729 1416 1812 puniendum,
1432 1739 1466 1790 ut
1481 1749 1519 1790 eo

568 1834 770 1915 potissimum
780 1834 930 1916 puniatur
940 1843 1081 1903 auctore,
1092 1852 1186 1912 quern
1204 1831 1235 1891 in
1252 1830 1368 1891 talibus
1379 1828 1520 1890 Domino

570 1935 727 1996 bonorum
749 1933 891 1996 omnium
916 1934 1038 1995 auctori
1062 1931 1258 2014 praeferebat,
1280 1931 1372 2013 eique
1391 1929 1432 1991 sit
1452 1931 1521 1992 viee

570 2055 663 2097 versa
687 2034 719 2095 in
749 2055 891 2116 poeuam,
921 2033 1186 2116 quem4habebat
1212 2041 1244 2094 et
1272 2031 1426 2094 laudabat
1455 2052 1521 2093 suae

570 2135 786 2217 perversitatis
801 2147 973 2197 auctorem.
1018 2118 1102 2196 Nam
1123 2134 1156 2195 in
1176 2134 1363 2215 sapientium
1379 2132 1474 2195 eorde
1490 2143 1523 2195 et

571 2257 624 2298 ore
655 2237 779 2298 celebre
802 2245 851 2298 est
876 2235 956 2297 illud
982 2236 1167 2318 Sapientiae,
1190 2237 1343 2318 quonium
1369 2255 1522 2317 perque

569 2345 683 2418 peceat
705 2338 786 2419 quic,
810 2357 869 2417 per
885 2339 951 2398 hac
965 2345 996 2398 et
1018 2338 1169 2416 punitur.
1214 2336 1268 2399 Sic
1290 2336 1382 2398 Caim
1403 2336 1523 2419 primus

571 2436 735 2500 homicida
754 2438 879 2499 occisus
900 2447 962 2512 est3
988 2438 1152 2500 Chanaam
1171 2438 1352 2500 servitutem
1373 2438 1523 2518 ingerens

572 2537 654 2612 aliis,
673 2548 827 2620 perpetua
850 2539 997 2601 servitute
1019 2538 1201 2615 damnarur;
1228 2539 1352 2601 Pharao
1374 2540 1408 2600 in
1431 2539 1523 2620 aquis

572 2640 754 2703 submersus
775 2651 824 2703 est
847 2662 921 2704 cum
945 2651 1112 2723 potentatu
1134 2662 1204 2718 sue,
1224 2641 1341 2724 quibus
1365 2642 1523 2704 Hebraeos

574 2743 785 2804 submerserat
815 2743 1018 2805 innocentes.
1068 2743 1185 2805 Patent
1213 2743 1246 2804 in
1275 2743 1360 2805 hunc
1392 2741 1523 2805 modum

573 2841 826 2925 quamplurima3
862 2842 919 2906 sed
949 2854 1029 2919 esto,
1057 2865 1143 2906 nuuc
1180 2843 1401 2926 poenitentiam
1438 2843 1522 2925 agit:

574 2942 718 3023 agnoscit
729 2953 771 3019 et,
785 2943 956 3006 confitetur
971 2945 1109 3027 culpam,
1125 2956 1166 3018 et,
1179 2943 1205 3004 si
1221 2964 1293 3006 cum
1309 2944 1407 3006 Saule
1423 2964 1525 3025 quan-

574 3045 678 3127 doque
695 3045 863 3108 ecclesiam
879 3044 1089 3128 impugnavit,
1104 3066 1190 3107 nune
1206 3064 1264 3126 pro
1281 3066 1317 3107 ea
1332 3065 1405 3106 cum
1422 3046 1522 3108 Paulo

573 3166 692 3227 ponere
708 3158 837 3226 paratus
853 3158 901 3207 est
917 3158 948 3207 et
964 3146 1101 3208 animam
1119 3166 1218 3207 suam.

576 3298 578 3301 ,
618 3245 698 3316 Quis
721 3266 795 3326 ergo
816 3248 944 3325 negabit
959 3246 1118 3329 judicium
1135 3247 1202 3330 jam
1226 3248 1362 3331 coepisse
1387 3248 1524 3309 adorno

575 3345 721 3421 Domini,
735 3366 832 3427 quum
850 3346 918 3428 jam
934 3346 1095 3429 principes
1111 3349 1224 3431 populi
1239 3349 1272 3409 in
1287 3349 1439 3432 patibulis
1455 3370 1525 3410 sus·

574 3444 755 3527 pendantur
780 3444 820 3507 ad
851 3448 950 3507 solem
979 3457 1014 3508 ut
1038 3448 1164 3530 justitia
1193 3450 1256 3511 Dei
1286 3451 1318 3511 in
1350 3456 1525 3531 conspectu

575 3544 717 3626 gentium
746 3546 924 3610 reveletur?
963 3546 1081 3610 Nonne
1107 3550 1192 3611 enim
1223 3552 1384 3636 principes
1412 3552 1525 3634 populi

575 3654 649 3708 sunt
663 3644 698 3705 hi
713 3644 787 3719 duo,
804 3668 938 3729 quorum
954 3651 1035 3711 alter
1056 3649 1220 3733 dispensat
1242 3654 1432 3736 spiritualia,
1448 3654 1526 3716 alter

575 3746 762 3829 temporalia
777 3747 987 3813 administrat.
1028 3752 1144 3815 Nonne
1159 3754 1214 3816 lex
1229 3754 1478 3837 dispensationis
1493 3763 1526 3816 et

576 3848 741 3912 ministerii
764 3847 817 3931 huj
824 3871 870 3926 ηε,
885 3850 1034 3915 manibus
1049 3853 1179 3917 istorum
1195 3855 1359 3918 tractanda
1381 3855 1527 3917 commit·

575 3948 674 4012 titur?
707 3948 753 4011 Hi
769 3950 853 4011 euim
870 3962 943 4013 sunt
958 3952 1022 4015 duo
1039 3951 1221 4029 Cherubim,
1236 3974 1369 4036 quorum
1392 3953 1452 4014 alis
1469 3954 1526 4014 lex

575 4059 608 4111 et
629 4050 882 4131 propitiatorium
899 4051 1164 4130 adumbratu1·,se
1186 4065 1295 4113 mutuo
1312 4050 1527 4132 respicientia,

577 4149 674 4210 versis
697 4161 804 4212 tamen
821 4152 960 4214 rultibus
975 4153 1007 4215 in
1031 4150 1294 4235 propitiatorium,
1312 4152 1386 4234 quia
1401 4153 1447 4215 sic
1464 4153 1526 4216 sibi

575 4249 713 4312 invicem
734 4249 855 4314 debent
869 4263 1002 4334 aspectu
1015 4265 1124 4314 mutuo
1144 4254 1355 4334 complacere,
1369 4266 1406 4317 ut
1420 4256 1526 4335 legem

577 4350 680 4413 Deiin
692 4353 910 4434 arcapectoris
916 4352 1036 4434 jugiter
1044 4352 1457 4436 inspiciautctrenerentur,
1465 4377 1526 4418 nee

576 4473 634 4539 pro
650 4473 694 4531 se,
710 4452 912 4530 adinvicem,
928 4454 969 4514 ob
985 4454 1081 4516 aliam
1096 4476 1225 4522 causam
1243 4458 1423 4537 admittant,
1439 4459 1524 4522 unde
