3875 5725
414 863 612 939 1159-64.]
805 880 983 926 uersronra.
1305 868 1366 927 127

413 1027 519 1105 lelmo,
536 1041 567 1095 et
582 1031 666 1115 patri
685 1030 766 1115 ejus,
781 1052 819 1092 co
840 1030 927 1115 quod
948 1031 1133 1115 nuptiarum
1155 1029 1313 1095 Willelmi
1333 1044 1366 1095 et

413 1129 568 1194 Adcliciae
583 1144 674 1217 pater
690 1130 839 1195 Albredae
854 1134 987 1195 conviva
1002 1130 1109 1208 fuerit,
1125 1143 1156 1195 et
1172 1131 1366 1195 matrimonii

414 1229 513 1316 hujus
527 1232 785 1318 promptissimus
798 1233 1004 1318 approbator.
1044 1234 1198 1318 Sponsam
1217 1256 1291 1298 vero
1305 1253 1368 1295 non

412 1354 479 1394 esse
503 1333 682 1418 conjugem,
703 1344 767 1397 tam
790 1332 876 1416 leges
901 1333 1095 1418 principum,
1116 1356 1213 1418 quam
1241 1333 1369 1398 decreta

413 1434 601 1518 pontificum
617 1434 801 1510 ostendunt,
819 1456 918 1519 quum
938 1434 1129 1519 desponsata
1145 1434 1253 1519 puella
1267 1434 1367 1520 possit

414 1536 639 1599 monasterium
656 1536 849 1620 praeeligere,
863 1535 931 1598 viro
942 1533 1154 1611 dissentiente,
1168 1536 1249 1600 sicut
1267 1538 1369 1600 Euse-

415 1636 486 1699 bius
502 1649 694 1700 auctorest:
719 1651 750 1701 et
765 1641 851 1722 leges
866 1649 946 1701 teste
968 1639 1126 1723 Gregorio
1147 1637 1265 1703 nullam
1286 1636 1368 1701 infli-

414 1750 497 1821 gunt
513 1760 639 1823 poenam
656 1760 790 1823 sponsae,
807 1739 832 1801 si
848 1738 889 1800 ad
904 1738 1072 1823 collegium
1089 1739 1261 1802 evolaverit
1277 1738 1368 1823 puel-

413 1838 489 1904 lare.
537 1841 697 1904 Praeterea
712 1839 895 1925 conjugium
912 1861 975 1902 non
990 1862 1057 1901 esse
1077 1839 1265 1924 perfectum,
1282 1839 1369 1925 quod

416 1961 478 2003 non
501 1940 665 2005 confirmat
688 1953 719 2004 et
741 1940 865 2027 perficit
886 1939 1071 2004 commixtio
1093 1941 1275 2026 corporalis,
1296 1941 1370 2006 licet

415 2063 435 2104 a
464 2040 566 2125 prima
594 2039 847 2126 desponsationis
876 2039 941 2103 fide
971 2039 1097 2104 initium
1128 2040 1289 2106 sortiatur.
1336 2040 1370 2104 si

416 2164 493 2227 ergo
514 2141 646 2206 initiatis
670 2141 810 2228 perfecta
831 2139 1056 2226 praejudicant,
1076 2141 1204 2205 omnino
1224 2141 1370 2228 iniquum

416 2257 464 2310 eat
480 2257 517 2309 ut
532 2243 787 2330 sponsalitiorum
800 2243 906 2329 pactio
921 2265 997 2305 vero
1012 2242 1137 2307 dicatur
1148 2243 1373 2330 proejudicasse

416 2346 574 2432 conjugio.
621 2349 705 2411 Nam
728 2344 898 2409 Eraristus
921 2367 1016 2431 papa,
1032 2368 1134 2430 quum
1156 2345 1289 2410 formam
1306 2369 1372 2412 ma-

417 2448 558 2513 trimonii
572 2447 791 2522 contrahendi,
807 2457 839 2511 et
855 2469 978 2510 sacrum
995 2448 1105 2527 ritum,
1121 2448 1226 2534 quiin
1242 2449 1372 2513 ecclesia

417 2561 475 2624 est,
496 2550 673 2636 permiserit
692 2550 890 2634 nuptiarum,
914 2549 960 2612 ita
980 2549 1133 2634 subjecit:
1172 2552 1226 2614 Ita
1244 2563 1372 2636 peracta
1436 2619 1438 2622 Α

417 2649 561 2734 legitima
575 2649 687 2713 scitote
701 2673 767 2714 esse
782 2651 952 2729 connubia,
963 2650 1056 2712 aliter
1071 2674 1146 2713 vero
1163 2665 1371 2736 praesumpta,

418 2772 481 2813 non
503 2751 662 2834 conjugia,
684 2751 737 2813 sed
761 2748 930 2825 adulteria,
950 2763 1073 2834 stupra,
1088 2754 1138 2814 vel
1153 2753 1370 2827 contubernia,

418 2864 476 2915 aut
490 2848 713 2914 fornicationes
728 2848 836 2934 potius
851 2872 947 2932 quam
962 2853 1107 2933 legitima
1126 2851 1274 2934 conjugia
1293 2837 1372 2928 eise,

419 2975 482 3016 nou
498 2952 679 3026 dubitatur,
694 2950 754 3014 nisi
767 2948 915 3013 voluntas
929 2951 1061 3034 propria
1076 2951 1250 3034 suffragata
1264 2951 1374 3029 fuerit,

419 3067 451 3119 ct
468 3066 542 3118 vota
557 3065 748 3117 succurrunt
763 3052 915 3138 legitima.
954 3053 1002 3115 At
1014 3051 1205 3126 Willelmus,
1218 3051 1374 3117 dissoluto

420 3167 515 3241 pacto
529 3155 645 3240 priore,
660 3155 742 3218 sicut
761 3154 847 3230 licet,
862 3154 963 3218 licitas
983 3154 1143 3219 contraxit
1161 3154 1300 3240 nuptias,
1317 3177 1373 3219 nec

421 3277 574 3342 umquam
600 3277 785 3320 consensum
813 3254 963 3318 adhibuit
990 3268 1025 3318 ut
1053 3255 1094 3318 ab
1119 3254 1174 3319 illa
1199 3254 1373 3320 diverteret

421 3355 473 3419 cui
488 3356 594 3420 fuerat
610 3354 749 3440 legitime
764 3354 943 3441 copulatus.
989 3354 1174 3420 Divortium
1195 3378 1270 3420 vero
1284 3356 1371 3442 quod

421 3480 495 3543 pars
508 3457 643 3522 adversa
661 3455 783 3540 objicit,
798 3469 853 3519 aut
870 3456 1000 3519 omnino
1014 3477 1076 3518 non
1098 3455 1208 3532 fuisse,
1231 3470 1287 3521 aut
1310 3478 1374 3519 non

421 3572 506 3623 recte
531 3558 630 3622 fuisse
659 3557 864 3622 celebratum.
911 3556 1076 3643 Siquidem
1106 3580 1208 3643 quum
1233 3558 1374 3644 justitia,

420 3658 574 3723 defuncto
589 3680 663 3743 rege
677 3658 764 3743 pacis
779 3670 930 3736 amatore,
944 3680 963 3719 a
979 3656 1068 3740 regni
1082 3656 1201 3721 finibus
1220 3661 1377 3733 exularet,

421 3772 454 3823 et
476 3758 688 3823 invalescente
709 3757 818 3820 furore
839 3756 928 3819 novis
948 3756 1156 3840 gaudentium
1176 3777 1285 3818 omnes
1304 3776 1378 3840 pro-

421 3857 657 3924 vocarenturad
670 3860 1020 3936 omnia,matremsuam
1030 3854 1378 3939 Adelitiamnullojure-

422 3983 441 4022 a
462 3961 597 4045 conjuge
619 3970 794 4044 separatam
819 3955 963 4031 asseruit,
988 3955 1042 4019 sed
1066 3957 1220 4019 violenter
1241 3978 1259 4018 a
1281 3954 1378 4020 domo

422 4061 527 4125 mariti
552 4060 713 4126 exclusam
740 4058 859 4142 pariter
886 4070 918 4121 et
944 4057 1089 4142 ejectam,
1116 4068 1147 4119 et
1173 4056 1234 4119 hoc
1259 4056 1377 4123 machi-

424 4161 550 4223 natione
571 4160 723 4225 Ganfridi
747 4158 981 4223 Londonieosis
1002 4157 1226 4236 archidiaconi,
1247 4158 1303 4246 qui
1325 4182 1376 4223 ao·

425 4272 518 4345 cepto
546 4262 650 4345 pretio
679 4284 747 4325 eam
778 4260 986 4339 indefensam,
1014 4258 1203 4339 inauditam,
1234 4260 1288 4324 sed
1319 4283 1376 4324 nec

424 4360 500 4424 inde
521 4360 647 4425 citatam
671 4362 795 4426 studuit
819 4362 1039 4439 condemnare,
1061 4361 1165 4426 fretus
1187 4361 1377 4424 auctoritate

425 4461 545 4525 domini
557 4459 800 4541 Wiutoniensis,
810 4462 867 4547 qui
878 4474 910 4525 et
922 4465 1002 4546 ipse,
1015 4472 1050 4524 ut
1065 4461 1187 4539 asserit,
1198 4481 1254 4543 per
1269 4458 1381 4522 sordes
