3875 5725
583 831 621 891 lo
836 845 973 891 sonuurs
987 843 1265 890 mussasarausrs
1439 822 1483 903 [s.
1502 841 1532 887 n.

577 995 673 1059 vestri
695 994 914 1060 excellentiam
937 993 1087 1070 eundem,
1114 1006 1152 1057 ut
1177 1017 1217 1058 ex
1244 991 1426 1056 testimonio
1451 1015 1532 1078 quo·

577 1095 724 1160 rumdam
740 1096 891 1162 abbatum
907 1096 1101 1182 accepimus,
1117 1094 1344 1159 invitaverunt.

767 1413 991 1478 EPISTOLA
1016 1414 1164 1476 IX.—an
1179 1429 1332 1475 ananan.

835 1548 977 1609 Domino
989 1568 1086 1628 popa
1104 1547 1263 1610 Adriano.

622 1705 774 1779 Caussa,
790 1727 865 1790 quae
880 1704 963 1768 inter
978 1701 1126 1767 abbatem
1145 1701 1186 1764 de
1203 1701 1403 1785 Coggesbala
1416 1714 1447 1767 et
1465 1705 1530 1789 pri-

575 1831 663 1873 orem
688 1806 955 1872 Rumiliacensem
979 1827 1076 1891 super
1100 1803 1231 1869 ecclesia
1256 1802 1297 1865 de
1328 1804 1531 1890 coggeshala

576 1911 714 1977 multum
728 1923 760 1974 et
769 1908 826 1972 diu
835 1908 957 1991 agitata
968 1919 1028 1982 est,
1037 1926 1239 1991 nequaquam
1251 1904 1414 1989 potuimus
1423 1906 1530 1970 termi-

575 2034 662 2087 nare,
689 2008 767 2093 quia
792 2021 866 2094 post
895 2006 1014 2071 multas
1043 2006 1209 2071 citationes
1238 2017 1271 2069 et
1300 2005 1468 2071 dilationes
1496 2010 1530 2072 iu

575 2124 716 2175 nostram
748 2108 950 2195 praescntiam
982 2120 1150 2182 venerunt,
1181 2124 1213 2171 et
1244 2105 1362 2171 ibidem
1393 2122 1531 2194 uterque

575 2210 711 2276 alterum
735 2210 776 2274 ad
799 2208 998 2294 apostolatus
1021 2208 1118 2273 vestri
1144 2209 1346 2295 praesentiam
1372 2209 1530 2277 invitavit.

578 2313 673 2376 Prior
703 2309 948 2374 Rumiliacensis
977 2310 1127 2375 abbatem
1156 2308 1343 2396 appellavit,
1356 2334 1411 2374 ·eo
1440 2314 1529 2397 quod

574 2412 637 2477 sibi
653 2411 816 2475 ecclesiam
834 2411 1038 2497 saepedictam
1053 2412 1219 2476 auferebat
1234 2426 1266 2475 et
1282 2411 1422 2476 decimas
1435 2436 1529 2500 paro·

576 2513 775 2591 chianorum,
805 2536 888 2599 quos
917 2536 936 2576 a
966 2513 1115 2577 domibus
1144 2526 1176 2578 et
1205 2514 1298 2577 terris
1327 2511 1528 2599 expulerant,

575 2614 725 2700 diemque
740 2615 879 2698 praefixit
891 2617 1030 2679 Octavus
1042 2617 1252 2680 Pentecostes.
1291 2615 1443 2679 Monachi
1453 2639 1529 2681 vero

574 2715 690 2779 exinde
715 2737 804 2779 suam
827 2714 1062 2801 praetendentes
1085 2726 1308 2800 paupertatem
1334 2737 1367 2777 se
1390 2716 1527 2800 priorem

574 2815 607 2879 in
638 2815 807 2903 praesentia
843 2813 983 2902 episcopi
1023 2813 1225 2879 Morinorum
1258 2812 1300 2877 ad
1331 2814 1528 2880 audientiam

575 2930 713 2984 vestram
727 2919 914 3005 appellasse,
928 2932 960 2984 et
977 2918 1095 2984 festum
1113 2917 1221 2982 Sancti
1237 2919 1336 2981 Lucas
1358 2917 1527 2981 terminum

574 3042 641 3083 suoe
656 3019 860 3106 appellationi
883 3021 994 3084 fecisse
1014 3021 1206 3103 allegarunt,
1221 3029 1253 3080 et
1275 3018 1406 3082 eandem
1422 3042 1526 3083 coram

573 3120 665 3181 uobis
680 3118 924 3203 appellationem
941 3132 1182 3185 renovaverunt.

779 3406 1002 3470 EPISTOLA
1026 3408 1156 3471 X.-an
1171 3427 1325 3473 ananau.

840 3543 981 3604 Domino
990 3563 1088 3624 popa
1103 3543 1258 3608 Adriano.

619 3701 762 3765 Cinium
778 3711 918 3784 quatuor
933 3721 952 3762 a
962 3698 1087 3786 judicio
1102 3702 1291 3768 venerabilis
1306 3704 1414 3770 fratris
1429 3710 1528 3773 nostri

575 3798 715 3888 episcopi
739 3799 968 3864 Loudoniensis
986 3823 1006 3863 a
1026 3800 1130 3885 priore
1151 3801 1322 3870 Rumiliac.
1343 3828 1400 3891 per
1421 3809 1529 3894 appel-

574 3902 723 3966 lationem
751 3900 845 3966 tracti
871 3901 904 3964 in
929 3912 1037 3965 nostra
1062 3904 1232 3987 praesentia
1258 3904 1482 3983 constiterunt,
1509 3931 1529 3971 a

573 3999 694 4085 quibua
720 3999 805 4065 idem
830 4001 917 4086 prior
941 4025 974 4065 se
1000 4004 1198 4089 querebatur
1228 4027 1330 4091 nuper
1356 4007 1526 4093 spoliatum

573 4098 713 4185 quadam
728 4099 849 4183 capella
863 4098 1003 4164 eeclesiae
1019 4125 1086 4167 suae
1107 4102 1147 4166 de
1167 4102 1245 4167 Reia
1260 4105 1382 4194 absque
1391 4108 1527 4194 judicio,

572 4222 669 4288 quam
686 4197 776 4261 aunis
790 4207 832 4263 60
848 4212 880 4263 et
902 4222 940 4262 eo
962 4200 1101 4286 amplius
1124 4204 1233 4287 quiete
1255 4207 1439 4274 inconcusse
1457 4234 1528 4297 pos-

574 4301 708 4369 sederat.
755 4299 805 4363 Ad
822 4298 915 4382 cujus
931 4302 976 4365 rei
991 4303 1209 4389 probationem
1223 4307 1271 4371 his
1283 4308 1528 4394 allegationibus

576 4403 736 4477 utebatur,
748 4400 853 4485 primo
867 4403 945 4486 quia
961 4395 1139 4469 sacerdotes
1154 4406 1200 4470 illi
1213 4408 1270 4493 qui
1285 4411 1325 4473 ad
1343 4417 1526 4478 memoriam
