3875 5725
578 832 640 892 244
846 841 982 886 roanrus
996 839 1272 885 sanusnearnusrs
1436 815 1483 896 [a.
1500 837 1535 881 u,

581 996 703 1079 aliquid
718 993 876 1058 interdum
893 995 1001 1072 audio,
1021 1004 1053 1057 et
1071 996 1134 1057 hoc
1157 991 1319 1056 beneficio
1340 992 1536 1055 intermean-

579 1098 670 1174 tium,
696 1095 753 1158 sed
778 1118 797 1158 a
823 1106 853 1159 te
884 1096 964 1158 nihil
993 1117 1134 1178 unquam
1164 1092 1289 1156 audivi:
1329 1091 1417 1174 quod
1446 1091 1535 1155 unde

582 1196 757 1275 contingat,
777 1217 841 1257 non
867 1196 962 1278 plane
990 1195 1095 1270 video,
1120 1194 1181 1257 nisi
1208 1192 1297 1276 quod
1321 1203 1354 1255 te
1381 1193 1534 1276 conjici0,

582 1297 735 1379 quoniam
751 1295 820 1359 dies
834 1295 910 1359 mali
926 1307 1012 1371 sunt,
1026 1307 1058 1358 et
1070 1308 1104 1358 tu
1114 1296 1163 1357 vir
1174 1295 1327 1378 prudens,
1340 1315 1383 1356 ex
1396 1294 1533 1377 quadam

580 1399 706 1462 siluisse
733 1400 866 1461 cautela.
910 1399 983 1479 Ego
1004 1409 1040 1459 ut
1063 1397 1280 1460 infirmitatem
1301 1398 1405 1459 meam
1431 1397 1534 1460 fatear

580 1501 615 1563 in
632 1500 760 1563 auribus
775 1500 848 1577 tuis,
866 1511 898 1563 et
911 1499 1128 1582 insipientiam
1143 1520 1246 1562 meam
1266 1498 1370 1562 amico
1386 1501 1533 1576 revelem,

581 1607 733 1682 tanquam
749 1598 828 1660 mihi
843 1619 1019 1680 numquam
1032 1598 1116 1660 hanc
1132 1597 1223 1681 potui
1234 1597 1352 1660 habere
1363 1598 1532 1672 cautelam,

582 1701 661 1784 quin
689 1701 802 1763 vellem
829 1699 1003 1762 amicorum
1034 1698 1325 1782 opportunitatibus
1355 1697 1531 1760 communi-

582 1823 666 1879 care,
681 1811 714 1865 ct
727 1823 838 1864 eorum
853 1822 911 1884 pro
923 1800 1054 1864 modulo
1066 1822 1139 1863 meo
1151 1820 1258 1881 gerere
1270 1799 1531 1862 sollicitudinem.

582 1906 690 1977 Quum
711 1926 786 1986 ergo
806 1905 864 1968 tibi
886 1905 1004 1987 saepius
1026 1902 1220 1987 scripserim,
1240 1913 1273 1964 et
1297 1910 1331 1964 tu
1353 1922 1531 1985 numquam

583 2007 757 2090 scripseris,
775 2007 912 2089 amplius
932 2026 1088 2068 succensa
1110 2003 1293 2066 sollicitudo
1316 2003 1428 2086 nequit
1448 2005 1532 2068 ulte·

582 2109 648 2171 rius
667 2108 822 2184 cohiberi,
845 2108 922 2191 quin
945 2128 1004 2189 per
1024 2106 1188 2190 proprium
1211 2106 1352 2189 inquirat
1372 2105 1532 2180 nuntium,

583 2209 654 2291 quis
674 2218 748 2270 tuus
770 2208 820 2269 vel
843 2218 982 2269 veterum
1006 2207 1047 2269 sit
1069 2216 1169 2268 status
1191 2205 1376 2278 amicorum,
1399 2226 1459 2268 nee
1483 2207 1530 2268 sic

581 2318 702 2370 veteres
733 2305 853 2369 dixisse
883 2306 1053 2381 arbitreris,
1079 2316 1115 2368 ut
1140 2304 1332 2370 inveteratos
1356 2307 1389 2368 in
1416 2307 1532 2388 quibus

582 2405 697 2470 caritas
726 2404 913 2486 refrigescit,
938 2404 1041 2468 dictos
1065 2406 1239 2486 intelligas,
1263 2428 1362 2489 quum
1385 2427 1445 2487 ego
1467 2429 1528 2470 nec

581 2508 811 2585 senserim,nec
822 2507 956 2570 dixerim
968 2529 1023 2570 eos
1032 2508 1162 2592 aliquod
1173 2509 1313 2572 caritatis
1324 2508 1530 2591 dispendium

580 2610 745 2675 sustinere.
791 2611 873 2683 Quis
887 2610 972 2672 enim
995 2631 1055 2691 ego
1078 2631 1159 2684 sum,
1182 2621 1218 2673 ut
1241 2631 1365 2673 servum
1384 2611 1531 2695 judicem

579 2713 729 2789 alienum,
744 2712 799 2795 qui
811 2712 952 2775 Domino
964 2733 1024 2776 suo
1033 2722 1097 2777 stat
1107 2725 1162 2777 aut
1173 2713 1259 2777 cadit
1271 2711 1283 2776 l
1307 2713 1412 2776 Stabit
1422 2725 1529 2778 autem

581 2815 654 2877 Deo
683 2827 824 2893 auctore,
853 2824 885 2877 et
910 2813 991 2877 mihi
1014 2812 1124 2897 utique
1155 2814 1271 2878 caritas
1300 2815 1442 2878 officiosa
1471 2827 1532 2897 est,

580 2918 689 3000 ignara
714 2917 811 2980 totius
841 2916 928 2991 mali,
954 2915 1045 2978 fortis
1072 2925 1106 2978 ut
1131 2937 1229 2989 mors,
1253 2926 1286 2978 et
1315 2914 1530 2981 sinceritatem

581 3041 670 3082 suam
697 3016 804 3081 multis
830 3030 862 3081 et
887 3018 1081 3101 perennibus
1111 3017 1218 3100 prodit
1243 3017 1393 3082 indiciis:
1432 3019 1532 3082 habet

580 3122 649 3184 haec
668 3120 883 3183 testimonium
893 3118 1015 3202 jugiter
1030 3119 1132 3203 majus
1146 3121 1284 3194 Joanne,
1300 3120 1386 3204 qnod
1406 3121 1435 3183 ei
1457 3142 1527 3203 per·

580 3224 693 3286 bibent
709 3234 773 3284 tam
797 3242 895 3302 opera
918 3242 1013 3303 quarn
1035 3221 1156 3285 fruetus
1180 3243 1322 3304 operum.
1368 3224 1529 3297 Sirenas,

580 3334 612 3385 et
626 3324 720 3397 licet;
743 3331 775 3382 et
790 3321 824 3382 id
841 3341 943 3395 curas,
959 3340 1016 3402 per
1036 3321 1170 3384 latorem
1194 3323 1410 3405 praesentium,
1433 3344 1529 3405 quem

578 3421 619 3485 ad
635 3422 697 3483 hoc
710 3421 791 3496 misi,
803 3420 843 3481 de
856 3430 941 3483 statu
951 3441 1024 3481 meo
1037 3430 1069 3481 et
1081 3421 1215 3483 aliorum
1227 3422 1346 3505 poteris
1359 3424 1531 3499 certiorari,

579 3524 729 3605 idemque
745 3521 864 3605 aperiet
878 3522 938 3584 tibi
954 3522 1116 3603 quomodo
1137 3543 1188 3583 me
1207 3521 1247 3585 de
1271 3532 1326 3585 tuo
1342 3523 1438 3585 facias
1460 3543 1527 3585 cer-

577 3627 698 3688 tiorem.
743 3624 878 3685 Noveris
902 3634 1008 3686 autem
1036 3623 1186 3706 quoniam
1212 3624 1293 3686 mihi
1315 3623 1403 3702 licet,
1428 3637 1459 3688 et
1484 3626 1528 3689 ad

578 3730 639 3793 hoc
656 3747 776 3792 vacuus
792 3747 873 3804 sum,
891 3737 923 3789 et
945 3737 1013 3789 tota
1035 3722 1204 3790 devotione
1225 3725 1391 3802 sollicituS,
1406 3735 1442 3790 ut
1463 3728 1528 3792 tuis

579 3841 611 3893 et
634 3840 769 3904 tuorum,
793 3829 820 3891 si
847 3828 926 3911 qnid
952 3828 1167 3912 peregrinanti
1191 3828 1331 3910 dignaris
1353 3829 1529 3913 injungere,

578 3931 736 3995 mandatis
749 3928 887 3995 libenter
902 3931 1065 4007 obediam,
1080 3930 1223 4014 mihique
1238 3933 1311 3993 loco
1327 3931 1435 4011 magni
1457 3954 1527 3994 mu·

576 4035 662 4095 neris
688 4035 755 4109 erit,
778 4035 805 4095 si
828 4054 878 4094 me
902 4034 1010 4118 aliquo
1034 4034 1190 4115 obsequio
1212 4034 1270 4109 tui,
1296 4032 1447 4095 mandato
1471 4045 1526 4096 tuo

577 4135 748 4212 contigerit
763 4135 923 4216 occupari.
972 4133 1062 4196 Aude
1078 4154 1165 4213 ergo,
1181 4134 1294 4211 amice,
1306 4134 1389 4197 aude
1405 4135 1526 4218 aliquid

576 4247 682 4318 petere
698 4244 753 4296 aut
767 4230 941 4315 praecipere
957 4234 1061 4299 amico
1077 4253 1121 4296 se·
1134 4245 1166 4297 et
1187 4256 1246 4299 sua
1268 4245 1334 4300 tota
1355 4238 1525 4301 affectione

575 4336 672 4403 animi
688 4336 875 4417 exponenti.
