3875 5725
449 873 555 952 1164]
829 891 1005 938 uprsroua.
1334 879 1394 938 189

448 1043 581 1105 transire
597 1043 638 1106 ad
654 1044 786 1119 curiam,
803 1044 860 1106 sed
876 1046 952 1128 quia
973 1045 1013 1107 de
1026 1054 1112 1107 statu
1127 1053 1229 1105 vestro
1251 1043 1393 1106 incertus

443 1152 543 1205 estet
567 1145 733 1220 sollicituS,
756 1144 859 1207 donec
887 1146 1081 1222 certioretur,
1105 1143 1192 1206 domi
1217 1155 1392 1226 exspectat.

444 1243 496 1306 Ibi
512 1267 531 1308 a
545 1246 737 1329 quibusdam
761 1266 819 1329 pro
835 1258 922 1308 certo
938 1247 1049 1330 accepi
1066 1267 1170 1327 regem
1196 1244 1392 1309 Francorum

441 1367 510 1408 esse
537 1347 696 1424 Lauduni,
723 1357 754 1410 el
780 1347 878 1429 plope
905 1369 978 1410 eum
1011 1348 1173 1410 dominum
1201 1350 1392 1409 Remensem

442 1446 511 1529 ejus
526 1460 711 1532 exspectare
727 1450 931 1530 colloquium.
960 1451 1028 1511 Eos
1044 1471 1119 1529 ergo
1131 1448 1217 1512 adire
1233 1450 1393 1532 proposui.

441 1549 506 1611 Sed
521 1562 650 1632 propter
671 1570 809 1630 guerras,
826 1571 904 1632 quas
919 1571 1028 1611 comes
1053 1549 1092 1612 de
1116 1551 1259 1612 Rocceio
1284 1559 1317 1612 et
1338 1551 1393 1613 alii

442 1648 570 1731 quidam
586 1671 733 1733 proceres
749 1650 898 1712 adversus
915 1650 1078 1712 dominum
1095 1652 1288 1712 Remensem
1301 1673 1391 1714 exer·

440 1752 568 1826 cebant,
590 1772 608 1812 a
630 1752 795 1834 proposito
821 1761 988 1813 revocatus
1014 1752 1074 1813 iter
1099 1751 1239 1813 Parisios
1266 1751 1390 1814 deflexi.

441 1851 508 1912 Ubi
544 1873 640 1934 quum
675 1853 814 1914 viderem
850 1853 1036 1914 victualium
1073 1853 1212 1934 copiam,
1246 1854 1389 1916 laetitiam

441 1953 564 2035 populi,
588 1953 792 2015 reverentiam
820 1954 906 2026 cleri,
933 1963 964 2014 et
989 1954 1086 2015 totius
1109 1953 1253 2015 ecclesiae
1280 1954 1394 2037 majes-

441 2063 537 2115 tatem
553 2064 584 2117 et
598 2055 742 2135 gloriam,
755 2064 787 2117 et
805 2055 905 2117 varias
921 2054 1149 2136 occupationes
1161 2054 1392 2138 philosophan-

440 2155 518 2218 tium
535 2156 694 2219 admirans
713 2159 800 2219 velut
814 2157 901 2219 illam
920 2158 1040 2220 scalam
1054 2158 1170 2234 Jacob,
1192 2158 1284 2241 cujus
1307 2179 1392 2220 sum·

440 2257 533 2319 initas
548 2259 667 2320 coelum
682 2260 844 2339 tangebat,
861 2270 993 2340 eratque
1011 2259 1059 2320 via
1074 2258 1338 2322 adscendentium
1359 2269 1392 2323 et

440 2357 701 2421 descendentium
727 2362 924 2440 angelorum,
946 2361 1028 2422 laetae
1053 2361 1315 2442 peregrinationis
1338 2384 1391 2424 ur·

438 2473 531 2541 gente
547 2463 677 2524 stimulo
694 2472 824 2525 coactus
838 2484 908 2524 sum
923 2462 1076 2545 profiteri,
1091 2463 1178 2546 quod
1193 2483 1264 2524 uere
1279 2464 1391 2526 Domi-

438 2582 501 2623 nus
515 2569 562 2624 est
581 2565 618 2623 in
632 2563 696 2624 loco
717 2567 787 2637 islo,
804 2572 835 2626 et
853 2585 909 2644 epo
923 2565 1107 2627 nesciebam.
1154 2563 1243 2628 Illud
1264 2588 1392 2650 quoque

439 2664 599 2743 poeticum
616 2663 656 2725 ad
672 2677 809 2726 mentem
825 2666 936 2728 rediit:

615 2816 693 2869 Felix
706 2816 821 2880 exilium,
834 2817 875 2869 cui
885 2815 957 2867 locus
969 2817 1019 2868 iste
1032 2817 1115 2868 datur.

483 2966 631 3030 Evolulis
644 2975 750 3028 autem
762 2965 873 3047 paucis
885 2963 1002 3027 diebus
1012 2965 1045 3026 in
1059 2964 1273 3027 conducendo
1283 2966 1390 3049 hospi·

440 3070 496 3142 tio,
510 3079 541 3130 et
556 3067 723 3129 sarcinolis
734 3064 979 3148 componendis
990 3086 1096 3146 regem
1109 3066 1303 3129 Francorum
1315 3067 1390 3143 adii,

440 3171 534 3253 eique
544 3191 584 3231 ex
595 3168 706 3230 ordine
717 3167 854 3249 exposui
865 3187 995 3229 causam
1006 3177 1151 3228 vestram.
1175 3166 1261 3238 Quid
1273 3168 1389 3231 multa?

441 3271 649 3353 Competitur,
664 3265 820 3354 promittit
839 3268 1006 3345 auxilium,
1022 3277 1055 3330 et
1069 3289 1128 3350 pro
1148 3270 1240 3331 vobis
1260 3270 1391 3334 domino

440 3394 532 3455 papae
555 3393 588 3434 sc
613 3366 777 3454 scripsisse
801 3370 946 3446 asseruit,
961 3382 993 3431 et
1015 3370 1140 3446 iterum,
1156 3372 1183 3433 si
1205 3372 1391 3454 oportuerit,

439 3474 638 3557 scripturum,
648 3484 680 3534 et
691 3484 833 3535 acturum
845 3470 932 3553 quod
947 3472 1065 3553 poterit
1079 3473 1150 3533 viva
1164 3494 1253 3536 voce.
1282 3474 1389 3546 Quum

437 3597 511 3638 vero
527 3596 599 3637 eum
613 3595 654 3636 ex
670 3586 758 3657 parte
773 3574 849 3637 filiae
865 3595 941 3646 suae,
955 3594 1050 3655 quam
1067 3595 1168 3657 nuper
1179 3596 1288 3637 sanam
1304 3575 1391 3639 vide-

414 3709 417 3714 ·
437 3699 513 3751 ram,
530 3676 660 3760 quando
676 3697 695 3738 a
710 3674 840 3738 domina
860 3675 969 3756 regina
984 3675 1144 3738 licentiam
1168 3678 1291 3759 accepi,
1307 3678 1390 3739 salu·

438 3787 564 3854 tassem,
579 3775 744 3859 respondit
759 3776 820 3837 sibi
836 3774 1051 3855 gratissimum
1065 3795 1145 3850 esse,
1160 3776 1186 3836 si
1200 3776 1256 3836 illa
1265 3774 1333 3856 jam
1349 3777 1390 3837 ab

438 3879 560 3960 angelis
573 3887 702 3959 recepta
714 3885 798 3938 esset
811 3875 846 3935 in
858 3873 1019 3948 Paradiso.
1052 3874 1114 3935 Cui
1131 3895 1226 3957 quum
1239 3896 1298 3955 ego
1314 3877 1387 3938 sub-

432 3980 611 4062 jungerem,
628 3978 704 4062 quia
719 3976 805 4039 istud
821 3997 878 4058 per
899 3973 1148 4036 misericordiam
1165 3974 1229 4036 Dei
1243 3976 1390 4058 quaudo·

439 4101 500 4161 que
521 4082 636 4151 veniet,
653 4078 708 4142 sed
732 4088 806 4140 ante
830 4078 937 4138 multis
952 4075 1101 4155 gentibus
1122 4077 1267 4139 laetitiam
1289 4078 1390 4154 dabit,

439 4180 603 4261 respondit
628 4204 704 4243 rex:
741 4180 811 4243 Hoc
837 4178 964 4259 quidem
991 4177 1060 4239 Deo
1082 4180 1228 4259 possibile
1252 4186 1309 4255 est,
1335 4184 1392 4244 sed

439 4284 531 4359 lonpe
552 4282 763 4354 verisimilius,
788 4282 875 4362 qaod
895 4281 1068 4342 multorum
1081 4284 1206 4362 sutura
1227 4284 1270 4344 sil
1291 4304 1390 4347 causa

439 4385 606 4444 malorum.
644 4384 710 4446 Sed
723 4384 816 4455 absit,
834 4382 872 4444 ab
888 4384 947 4443 illu
962 4382 1047 4463 quod
1062 4388 1221 4462 paternus
1232 4387 1392 4464 praesapit

436 4485 577 4546 animus.
606 4485 690 4556 Quin
707 4486 762 4544 uia
775 4482 881 4565 inquit
891 4504 992 4563 spero,
1009 4489 1047 4544 ut
1058 4483 1097 4543 ab
1108 4503 1144 4546 ea
1156 4486 1258 4563 possit
1268 4484 1395 4564 aliquid
