3875 5725
496 881 603 959 noa]
880 895 1058 939 urrsronm.
1120 882 1123 885 “
1382 878 1444 937 267

492 1047 627 1110 estsere
650 1045 704 1132 qui
720 1044 789 1109 fuit.
850 1045 902 1108 De
925 1066 1020 1108 eausa
1043 1041 1280 1107 Cantuariensis
1301 1061 1365 1103 non
1387 1041 1445 1105 de·

491 1169 592 1231 spero,
605 1148 681 1231 quia
691 1145 758 1231 ipse
773 1144 994 1230 poenitentiam
1008 1165 1105 1227 agens
1120 1165 1216 1227 super
1226 1141 1401 1206 commissis
1411 1141 1444 1205 in

492 1249 589 1326 curia,
605 1249 647 1312 de
663 1234 804 1312 Domino
820 1269 884 1310 non
899 1247 1057 1331 desperat,
1074 1268 1133 1309 neo
1156 1244 1257 1330 ponit,
1273 1255 1310 1307 ut
1323 1244 1446 1328 opinor,

492 1374 620 1415 carnem
634 1351 799 1415 brachium
812 1373 916 1435 suum.
953 1349 1059 1414 Credo
1071 1361 1178 1412 autem
1191 1347 1276 1434 quod
1289 1346 1447 1411 Dominus

491 1454 595 1518 adhuc
610 1475 795 1539 supremum
813 1453 991 1516 remedium
1007 1453 1123 1531 differt,
1138 1450 1214 1537 quia
1236 1451 1376 1513 nondum
1399 1461 1448 1513 est

492 1558 579 1621 omui
596 1556 738 1619 humano
753 1555 870 1618 auxilio
885 1555 1066 1618 destitutus.
1103 1553 1207 1614 Vocat
1222 1572 1273 1613 me
1291 1551 1448 1633 Magister

493 1659 660 1735 Girardus,
675 1672 712 1721 ut
733 1659 819 1720 salva
841 1656 905 1718 fide
929 1656 1074 1719 ecclesiae
1100 1655 1257 1717 Romanae
1279 1653 1446 1717 Coloniam

495 1773 666 1841 transeam,
692 1760 747 1823 sed
778 1770 907 1822 auctore
933 1758 987 1842 pio
1016 1759 1105 1834 Jesu,
1132 1780 1189 1841 pro
1216 1757 1304 1820 nullo
1333 1769 1447 1842 questu

493 1884 610 1946 ponam
641 1884 714 1924 curn
751 1860 959 1924 schismaticis
989 1861 1030 1923 ad
1059 1859 1296 1924 subversionem
1333 1860 1448 1923 domus

494 1964 638 2045 Domini,
653 1963 829 2028 schismatis
844 1963 1032 2047 portionem.
1079 1963 1189 2047 ipsum
1210 1975 1318 2026 tamen
1340 1962 1449 2026 Girar-

493 2066 571 2129 dum
588 2088 788 2151 nequaquam
805 2065 1041 2129 schismaticum
1057 2078 1180 2149 reputo,
1197 2067 1272 2151 quia
1289 2065 1364 2129 fidei
1379 2065 1448 2149 ejus

493 2168 660 2252 perspicua
682 2179 793 2252 patent
815 2167 934 2231 indicia
949 2191 990 2232 ex
1010 2169 1123 2231 litteris
1146 2169 1224 2253 ejus,
1240 2191 1375 2254 quarum
1398 2189 1449 2230 re·

494 2272 646 2356 scriptum
676 2273 806 2334 domino
834 2271 982 2356 episcopo
1012 2273 1115 2349 mitto,
1143 2294 1309 2357 suppresso
1337 2283 1447 2336 tamen

492 2375 628 2438 auctoris
650 2375 790 2448 nomine,
812 2396 853 2436 ne
876 2388 908 2437 et
930 2374 988 2451 illi,
1012 2389 1046 2438 et
1068 2375 1137 2438 aliis
1158 2386 1283 2453 noceat,
1304 2373 1330 2437 si
1352 2374 1449 2438 fuerit

492 2470 703 2559 divulgatum.
751 2476 824 2538 Non
840 2475 953 2539 dubito
978 2477 1056 2559 quin
1071 2477 1150 2539 mihi
1174 2476 1447 2562 compateremini,

492 2579 517 2642 si
548 2590 716 2656 constaret,
745 2578 778 2639 in
809 2601 873 2662 qua
902 2579 1114 2642 sollicitudine
1145 2594 1286 2642 versatur
1322 2582 1448 2643 animus
1494 2635 1498 2643 .

493 2703 594 2760 meus,
609 2702 669 2742 nee
692 2692 803 2759 tamen
823 2679 964 2744 Domino
986 2693 1076 2757 teste,
1101 2703 1158 2764 pro
1180 2703 1244 2757 me,
1265 2681 1341 2744 licet
1361 2681 1448 2765 apud

495 2782 677 2846 duricordes
704 2780 859 2858 habitem,
886 2794 1041 2866 quantum
1070 2805 1126 2867 pro
1151 2782 1263 2846 amicis
1288 2782 1448 2863 sollicitor,

496 2882 773 2970 quiamihiquoad
784 2872 1247 2961 me‚sufficeretcommercium
1258 2884 1447 2961 litterarum,

495 2985 554 3049 nisi
572 2994 722 3067 urgerent
736 2995 770 3045 ct
791 2982 844 3045 alii
867 3005 1001 3068 quorum
1023 2996 1147 3068 oportet
1169 3006 1221 3047 me
1242 2984 1449 3049 necessitudi-

495 3084 589 3150 nibus
612 3084 858 3149 communieare.
917 3085 951 3147 Si
978 3086 1116 3163 nescitis,
1143 3086 1273 3169 Belgica
1297 3087 1447 3168 secunda,

495 3210 569 3273 quae
599 3187 694 3248 modo
727 3185 902 3247 Remorum
933 3185 1060 3265 dicitur,
1086 3185 1119 3247 in
1149 3186 1287 3272 antiquis
1311 3186 1448 3252 historiis

494 3289 656 3373 provincia
683 3285 910 3350 Duricordium
934 3288 1124 3371 appellatur,
1145 3287 1221 3352 licet
1241 3288 1352 3352 habita
1372 3311 1448 3353 eon·

496 3391 703 3476 temptatione
744 3390 955 3475 quorumdam
999 3391 1096 3475 possit
1132 3404 1166 3454 et
1207 3390 1447 3457 Mollicordium

495 3494 657 3581 appellari.
705 3492 821 3579 Neque
836 3493 922 3556 enim
938 3493 1151 3557 duricordiam
1171 3495 1400 3582 archiepiscopi
1414 3510 1448 3561 et

494 3620 623 3663 suorum
646 3596 826 3683 quisquam,
846 3594 1031 3661 familiarius
1053 3598 1218 3675 accedens,
1242 3598 1449 3682 probabiliter

493 3724 626 3785 arguere
642 3701 767 3786 poterit.
815 3701 879 3763 Sed
895 3701 964 3786 quis
987 3724 1097 3785 quaeso
1112 3714 1289 3764 nostratum
1313 3714 1346 3764 et
1360 3712 1447 3764 vete·

494 3826 564 3868 rum
581 3805 755 3868 amicorum
768 3804 807 3866 de
823 3816 919 3885 gente
933 3803 1160 3866 Duricordium
1172 3824 1236 3865 non
1249 3803 1448 3867 convincitur

493 3904 585 3970 esse?
614 3908 742 3987 Dicam,
764 3904 850 3991 quod
876 3903 1007 3967 fortasse
1031 3926 1093 3968 non
1117 3904 1255 3979 creditis,
1278 3905 1333 3968 sed
1361 3916 1446 3969 certe

496 4032 606 4073 verum
622 4023 680 4076 est.
728 4010 830 4073 Filius
852 4008 999 4091 Magistri
1021 4007 1176 4071 Gauiredi
1198 4007 1275 4070 mihi
1296 4009 1447 4072 coerula·

496 4111 540 4173 vit
555 4113 717 4176 mensibus
731 4125 814 4194 octo,
825 4111 879 4175 sed
896 4133 995 4198 quum
1012 4112 1054 4175 ad
1068 4132 1143 4174 eum
1155 4111 1285 4175 nuntius
1300 4132 1391 4175 meus
1405 4110 1447 4176 ab

496 4213 644 4298 episcopo
656 4215 791 4280 Norwic.
804 4227 836 4279 et
845 4216 961 4279 abbate
971 4214 1071 4279 sancti
1086 4214 1249 4277 Edmundi
1258 4214 1446 4291 divertisset,

493 4314 636 4401 profecto
650 4338 709 4380 nec
724 4339 803 4380 unas
823 4317 865 4382 ad
888 4340 939 4381 me
961 4317 1118 4381 litterulas
1141 4316 1244 4403 potuit
1264 4317 1445 4404 impetrare.

493 4418 560 4484 Scit
570 4428 679 4482 tamen
697 4418 865 4498 Dominus,
877 4422 952 4505 quia
962 4422 1042 4485 nihil
1054 4422 1096 4486 ab
1111 4421 1218 4508 aliquo
1229 4443 1339 4486 eorunr
1355 4418 1443 4503 petii,

497 4522 531 4588 in
546 4541 649 4606 eoque
662 4518 836 4583 mihi'bene
852 4533 959 4584 actum
974 4534 1033 4604 est,
1043 4523 1130 4607 quod
1144 4522 1287 4586 nondum
1298 4520 1341 4583 ab
1355 4517 1447 4582 initio
