3875 5725
432 878 633 956 uta-64]
819 891 999 938 armanum.
1330 876 1390 934 loo

432 1068 495 1108 non
511 1068 638 1130 arguor,
655 1044 710 1108 sed
733 1043 819 1130 quod
836 1042 917 1106 vires
932 1065 1018 1106 meas
1033 1041 1160 1104 omnino
1178 1038 1384 1115 transcendit,

428 1159 460 1209 et
477 1147 663 1231 parvitatem
679 1168 780 1210 meam
792 1144 1015 1228 magnitudine
1027 1142 1075 1206 sui
1090 1141 1208 1228 poterit
1221 1162 1384 1215 excusare,

427 1246 460 1306 in
487 1246 697 1309 innocentiam
729 1268 829 1308 meam
856 1243 1054 1329 impingitur.
1103 1242 1195 1305 Solus
1221 1241 1253 1304 in
1283 1263 1382 1325 regno

428 1347 546 1430 regiam
578 1346 667 1410 dicor
695 1347 837 1409 minuere
865 1346 1073 1429 majestatem.
1118 1347 1227 1418 Quum
1255 1341 1385 1405 admissi

430 1445 491 1510 mei
520 1447 644 1513 factum
680 1449 864 1531 diligentius
901 1446 1096 1529 exprimunt,
1127 1446 1194 1509 hacc
1223 1445 1255 1508 in
1285 1457 1384 1528 caput

432 1570 537 1634 meum
569 1548 764 1633 intorquent.
816 1545 910 1624 Quod
950 1547 1023 1631 quis
1052 1568 1165 1608 nomen
1203 1547 1384 1608 Romanum

432 1647 519 1731 apud
543 1669 603 1712 nos
627 1648 766 1723 invocat,
791 1649 870 1710 mihi
895 1651 1075 1731 imponunt.
1122 1645 1220 1718 Quod
1246 1647 1278 1707 in
1306 1643 1385 1707 elec-

433 1748 572 1812 tionibus
597 1747 803 1821 celebrandis,
830 1748 862 1809 in
888 1749 994 1809 causis
1023 1746 1238 1810 ecclesiasticis
1266 1746 1387 1808 exami-

433 1849 557 1926 nandis,
579 1849 630 1912 vel
654 1850 800 1912 umbram
823 1847 981 1912 libertatis
1005 1847 1103 1911 audet
1126 1847 1185 1910 sibi
1209 1848 1392 1931 Anglorum'

434 1949 564 2012 ecclesia
583 1949 761 2024 vendicare,
784 1949 861 2012 mihi
888 1951 1089 2033 imputatur3
1118 1948 1198 2012 acsi
1223 1947 1392 2011 dominum

435 2051 709 2127 Cantuarienscm,
726 2064 758 2114 et
780 2049 860 2113 alios
882 2050 1058 2135 episcopua,
1074 2050 1153 2135 quid
1168 2051 1272 2113 facere
1293 2072 1387 2133 opor·

435 2166 501 2216 teat
527 2153 614 2215 solus
630 2153 796 2215 instruam.
844 2151 905 2215 His
925 2151 965 2214 de
981 2156 1084 2216 causis
1109 2165 1196 2217 totus
1211 2151 1386 2226 concutior,

435 2253 554 2338 quibus
573 2254 668 2317 etiam
693 2254 880 2337 urgentibus
904 2253 983 2316 mihi
1008 2254 1150 2318 creditur
1174 2253 1305 2318 exilium
1329 2253 1389 2316 im-

434 2355 559 2418 minere.
608 2357 682 2440 Ego
705 2355 786 2418 illud
812 2369 943 2441 propter
961 2357 1133 2441 justitiam,
1150 2357 1177 2418 si
1199 2354 1388 2441 oportuerit,

435 2479 496 2518 non
513 2456 608 2519 modo
631 2457 864 2542 aequanimiter,
880 2457 935 2520 sed
960 2457 1143 2521 etiamnum
1169 2457 1288 2542 gaudio
1310 2455 1389 2520 tole-

436 2559 524 2621 rabo.
570 2559 667 2621 Unde
682 2559 767 2622 infra
790 2557 937 2622 calendas
961 2560 1132 2623 Januarias
1148 2583 1197 2622 mc
1212 2561 1325 2645 opinor
1348 2558 1390 2622 ab

437 2659 553 2743 Anglia
577 2659 751 2734 exiturum,
772 2672 804 2721 et
828 2659 956 2742 quidem
983 2660 1094 2723 habito
1120 2660 1250 2723 consilio
1275 2672 1389 2732 vestro,

437 2771 471 2822 ct
486 2769 685 2820 moraturum
700 2757 734 2818 in
758 2755 883 2836 Galliis,
899 2773 930 2820 et
946 2757 1021 2819 inde
1036 2758 1077 2821 ad
1102 2763 1277 2822 Romanam
1294 2760 1391 2821 eccle-

437 2859 516 2921 siam
533 2855 754 2920 trausiturum.
803 2854 935 2919 Interim
950 2871 1088 2942 quantas
1103 2880 1232 2942 possum
1256 2857 1392 2924 bonitati

439 2974 555 3024 vestrae
570 2957 688 3043 gratias
703 2979 764 3040 ago
780 2979 839 3042 pro
856 2958 974 3021 honore
989 2973 1021 3022 et
1035 2957 1234 3038 liberalitate,
1245 2981 1341 3043 quam
1358 2960 1391 3023 in

437 3064 567 3126 fratrem
585 3082 690 3123 meum
706 3058 903 3141 exercuistis,
918 3073 950 3124 et
965 3073 1002 3124 ut
1020 3061 1087 3123 vice
1102 3084 1171 3125 mea
1185 3061 1292 3125 abbati
1316 3060 1393 3126 Bul-

440 3161 608 3227 lecurtensi
630 3160 670 3224 de
694 3158 873 3226 visitatione
896 3163 1007 3226 fratris
1029 3164 1091 3225 mei
1111 3164 1231 3246 gratias
1248 3164 1392 3229 referatis

436 3287 544 3329 exoro.
581 3266 764 3346 Postquam
778 3264 870 3325 Prior
881 3262 921 3325 de
932 3263 1038 3326 Cantu
1044 3263 1171 3326 merulae
1183 3263 1305 3327 litteras
1315 3264 1392 3328 istas

440 3378 560 3430 secreto
574 3362 756 3449 inspexerit,
768 3385 806 3424 ne
822 3360 862 3425 ad
878 3363 987 3427 oculos
1002 3377 1032 3428 et
1048 3386 1139 3428 aures
1154 3364 1294 3456 plurium
1307 3379 1392 3430 tran·

442 3480 532 3532 seant
547 3465 722 3553 providete.

486 3722 715 3790 EPISTOLA
739 3726 947 3789 exva-u>
963 3744 1112 3787 anonam
1129 3746 1350 3790 raneosmuu

820 3843 1027 3887 cannensem.

682 3957 816 4018 Tkomae
831 3957 1011 4037 Praeposito
1027 3954 1173 4019 Cellensi.

491 4076 666 4138 lnsrncms
681 4072 796 4135 litteris
812 4094 890 4157 quas
905 4072 1036 4136 domino
1052 4073 1189 4138 Cellensi
1206 4078 1397 4153 transmitto,

447 4181 564 4235 statum
587 4196 693 4237 meum
716 4196 775 4259 pro
798 4188 887 4258 parte
909 4174 1064 4260 conjicere
1087 4176 1203 4260 poterit
1229 4178 1400 4263 prudentia

448 4285 561 4337 vestra.
594 4275 688 4351 Quod
698 4289 803 4338 autem
817 4276 995 4362 specialiter
1004 4276 1045 4339 ad
1056 4300 1111 4340 vos
1120 4293 1252 4364 spectat,
1263 4280 1400 4344 amicum

449 4385 589 4437 vestrum
613 4376 652 4437 P.
675 4397 785 4438 sanum
808 4400 874 4440 esse
896 4378 1012 4452 sciatis,
1036 4392 1068 4443 et
1090 4383 1289 4460 incolumem,
1311 4394 1343 4445 et
1368 4383 1401 4445 in

449 4496 566 4559 magna
581 4478 791 4560 prosperitate
807 4479 931 4541 versari.
978 4480 1073 4544 lllum
1091 4504 1166 4545 vero
1179 4506 1274 4567 quem
1292 4484 1404 4547 vestris
