3875 5725
496 851 604 932 1166.]
878 869 1056 916 aristonis.
1384 859 1447 917 327

492 1022 537 1083 ita
562 1023 700 1104 reprobi,
722 1031 758 1084 ut
780 1020 947 1086 dominum
973 1024 1159 1106 patientem,
1181 1023 1278 1087 immo
1305 1025 1445 1104 benigne

490 1121 682 1203 audientem,
697 1132 729 1186 et
743 1125 978 1207 correptoribus
1000 1126 1172 1187 habentem
1195 1123 1323 1205 gratiaS,
1343 1125 1448 1188 nolint

491 1223 578 1303 quod
603 1223 763 1286 desiderat
785 1243 1001 1298 commonere,
1028 1233 1063 1285 ut
1087 1223 1263 1286 satisfaciat
1284 1222 1445 1286 Domino?

489 1325 528 1385 In
544 1325 716 1389 consilium
731 1324 856 1387 illorum
879 1346 945 1388 non
962 1325 1068 1388 veniat
1088 1325 1196 1388 anima
1204 1325 1296 1408 justi,
1310 1345 1446 1408 quorum

491 1425 577 1488 furor
602 1425 792 1489 maledictus
816 1436 874 1502 est,
902 1427 978 1510 qnia
1002 1427 1151 1508 pertinax
1180 1437 1230 1488 est
1255 1426 1446 1507 indignatio,

493 1528 568 1609 quia
590 1527 679 1603 dura,
695 1527 906 1609 quaerentium
929 1527 1109 1600 dumtaxat,
1125 1537 1161 1588 ut
1183 1525 1271 1607 quod
1294 1528 1376 1588 male
1393 1525 1447 1588 diu

492 1625 598 1702 libuit,
626 1627 758 1706 impune
789 1624 907 1687 diutius
937 1625 1041 1688 liceat.
1095 1623 1161 1688 Sed
1191 1624 1245 1706 qui
1277 1635 1384 1707 sperat
1413 1626 1448 1686 in

494 1726 637 1789 Domino
647 1748 711 1787 non
723 1726 945 1803 confundetur,
958 1737 990 1788 et
1005 1726 1060 1808 qui
1072 1726 1249 1788 Dominum
1259 1746 1325 1808 prae
1335 1726 1447 1788 mundi

494 1828 705 1910 potestatibus
734 1829 918 1903 timuerunt,
947 1849 1015 1889 non
1050 1826 1203 1890 deficient
1233 1828 1321 1889 omni
1349 1829 1447 1890 bono.

497 1929 619 1990 Valete.

496 2225 715 2289 EPISTOLA
738 2227 1061 2289 CLXXXVIL-an
1083 2244 1257 2289 nrcommr
1275 2245 1318 2288 nu
1333 2244 1449 2289 nonru

709 2347 983 2391 nornonnonnsr.
1011 2330 1057 2408 [A.
1072 2348 1103 2390 n.
1124 2330 1231 2408 riou]

597 2487 759 2568 Magistro
775 2487 912 2547 Nicoloo
926 2486 966 2546 de
982 2484 1096 2547 Monte
1112 2486 1347 2567 Rotomoqeusi.

541 2625 639 2694 Quor)
661 2623 720 2683 tibi
741 2622 841 2682 rarius
863 2621 981 2696 scribo,
997 2642 1039 2681 ex
1053 2621 1147 2682 variis
1170 2623 1275 2684 causis
1297 2632 1355 2698 est,
1371 2645 1451 2705 quas

497 2723 610 2784 referre
625 2742 691 2782 non
706 2728 842 2802 oportet,
858 2729 925 2780 tum
946 2719 1022 2800 quia
1043 2720 1149 2800 plures
1171 2741 1277 2781 earum
1292 2721 1351 2782 tibi
1366 2732 1451 2784 notae

499 2832 583 2899 sunt,
603 2832 670 2884 tum
693 2821 769 2903 quia
792 2821 870 2883 alias
892 2840 956 2881 non
981 2817 1112 2901 expedit
1134 2819 1307 2902 publicare.
1353 2821 1450 2884 Nunc

498 2934 603 2987 autem
629 2946 649 2986 a
675 2920 844 2984 scribendo
869 2941 930 2984 nec
953 2941 1085 2981 manum
1106 2941 1165 2982 nec
1191 2920 1334 2982 animum
1359 2922 1451 3003 potui

498 3026 659 3102 cohibere,
683 3044 782 3106 quum
804 3023 837 3084 in
862 3021 1001 3085 adventu
1024 3020 1124 3082 sratris
1147 3021 1247 3082 nostri
1270 3020 1450 3099 didicerim,

499 3127 585 3212 quod
600 3149 643 3190 ex
657 3126 857 3189 liberalitatis
872 3137 935 3187 tuac
950 3123 1071 3186 indicio
1088 3124 1117 3185 ei
1132 3124 1281 3202 innotuit,
1297 3146 1392 3206 quem
1408 3125 1450 3188 ad

499 3249 551 3291 me
572 3238 605 3290 et
623 3249 712 3290 meos
735 3229 884 3289 affectum
906 3227 1035 3289 habeas.
1082 3226 1225 3297 Quantas
1245 3226 1353 3307 itaque
1375 3248 1448 3307 pos·

499 3350 569 3391 sum
591 3328 630 3390 de
650 3327 846 3391 humanitatc
868 3327 914 3388 illi
933 3346 992 3409 per
1012 3347 1143 3388 manum
1166 3326 1208 3387 R.
1231 3325 1271 3387 de
1291 3325 1450 3389 Luneseia

499 3429 653 3506 exhibita,
690 3427 856 3493 dilectioni
894 3439 956 3490 tuae
995 3427 1112 3507 gratias
1149 3449 1221 3508 ago,
1259 3426 1450 3510 quandoque

498 3541 627 3593 auctore
651 3532 791 3594 Domino
815 3529 995 3610 condignas
1016 3540 1155 3593 acturus
1200 3529 1316 3608 Magni
1340 3529 1450 3613 utiquc

497 3632 581 3695 facio
597 3632 683 3715 quod
698 3632 813 3710 fecisti,
825 3631 884 3694 sed
899 3653 938 3694 eo
954 3631 1091 3715 majoris,
1105 3653 1168 3714 quo
1184 3630 1282 3693 fidem
1297 3632 1332 3692 in
1346 3632 1450 3692 bomi-

497 3734 602 3805 nibuS,
613 3734 710 3816 juxta
724 3731 923 3815 prophetiam
935 3731 1115 3812 Evangelii,
1126 3730 1196 3811 jam
1211 3730 1366 3792 cariorem
1381 3749 1451 3791 esse
1513 3814 1518 3821 ⁸

499 3832 705 3915 perspicuum
720 3840 782 3894 est:
799 3831 973 3912 praesertim
987 3850 1085 3911 quum
1100 3826 1134 3890 in
1150 3850 1189 3891 ea
1201 3836 1294 3891 aetate
1309 3836 1342 3891 et
1356 3838 1451 3907 gente

498 3933 579 3996 editi
595 3934 706 4009 simne,
717 3932 774 3994 ubi
790 3930 857 3993 sine
874 3928 1043 4011 dispendio
1059 3929 1136 3991 fidei
1148 3929 1204 3990 vix
1219 3928 1338 4010 aliquis
1354 3928 1453 3991 fidem

498 4034 575 4097 facit
595 4033 673 4095 fidei
703 4054 779 4095 suae.
825 4030 1044 4094 Certissimum
1067 4050 1206 4112 namque
1231 4038 1452 4109 argumentum

500 4133 577 4195 fidei
591 4145 640 4196 est
654 4145 838 4217 contempta
861 4130 961 4194 fides:
986 4143 1017 4193 et
1033 4130 1090 4213 qui
1108 4131 1249 4191 Domino
1265 4130 1452 4211 promissam

501 4233 598 4295 fidem
628 4233 669 4295 ad
699 4236 861 4298 arbitrium
890 4232 1062 4295 mundanae
1086 4230 1250 4313 potestatis
1279 4252 1344 4294 non
1376 4232 1453 4295 facit

500 4334 632 4410 irritam,
654 4335 851 4397 convincitur
873 4333 1026 4397 infidelia.
1077 4332 1112 4395 Si
1137 4332 1216 4393 mihi
1245 4353 1312 4394 non
1335 4332 1451 4408 credis,

499 4436 651 4518 operibus
666 4434 750 4495 habe
771 4433 878 4511 fidem,
893 4456 978 4515 quae,
994 4450 1028 4498 ut
1048 4435 1093 4496 ait
1112 4434 1217 4510 Jesus,
1234 4453 1328 4515 quem
1345 4431 1452 4493 denuo
