3875 5725
489 870 685 956 lisa-an]
877 884 1058 933 msrorn.
1121 847 1123 851 ⁴
1404 867 1442 927 st

489 1056 553 1122 tus,
565 1044 590 1107 si
602 1057 773 1128 antequam
786 1025 930 1124 egrediar
944 1063 964 1103 a
975 1036 1139 1125 patientiae
1151 1034 1258 1100 labore
1269 1037 1308 1100 ad
1320 1055 1443 1119 pacem,

488 1142 590 1207 filium
618 1143 704 1228 pacis
727 1140 806 1205 mihi
828 1140 938 1205 videre
958 1138 1082 1202 dederit
1107 1136 1272 1202 Christum
1302 1133 1442 1200 Domini.

491 1244 556 1309 Det
578 1243 655 1309 mihi
681 1242 828 1307 Christus
852 1241 959 1305 videre
976 1239 1140 1304 Christum
1157 1261 1261 1314 suum,
1277 1250 1307 1302 et
1331 1236 1446 1300 exinde

489 1347 583 1410 morti
604 1344 787 1433 properanti
807 1341 1069 1428 gratulabundus
1088 1363 1262 1404 occurram.
1298 1342 1446 1424 Expecto

465 1451 469 1460 '
490 1445 522 1509 in
534 1469 588 1533 spe
600 1448 673 1525 ista,
684 1459 715 1511 et
728 1446 846 1510 crebris
857 1446 944 1531 apud
958 1467 1008 1506 me
1018 1444 1090 1507 dico
1099 1442 1258 1528 suspiriisz
1279 1441 1447 1528 Numquid

491 1568 553 1609 non
576 1546 667 1609 dabit
689 1545 766 1610 mihi
793 1545 941 1609 Christus
957 1567 1057 1619 meus,
1074 1557 1108 1607 ut
1133 1541 1265 1619 videam,
1284 1566 1377 1628 quem
1394 1543 1448 1605 de-

492 1645 642 1709 sideranti
672 1646 761 1711 dedit
789 1645 943 1729 inungere
971 1643 1159 1708 Christum?
1194 1644 1361 1730 Numquid
1384 1666 1446 1706 non

495 1745 611 1808 videbo
626 1746 728 1809 filium
744 1747 885 1809 dexterae
900 1768 919 1808 a
933 1744 1096 1809 laboribus
1112 1757 1354 1828 temperantem,
1371 1757 1448 1807 tem·

493 1860 656 1933 perantem
683 1871 702 1910 a
728 1847 888 1934 periculis,
911 1862 1081 1931 antequam
1109 1846 1248 1909 moriar?
1282 1847 1343 1909 Est
1370 1845 1449 1908 rnihi

475 1949 581 2013 domi
602 1949 707 2013 adhuc
730 1950 900 2014 thesaurus
921 1948 1188 2034 incomparabilis,
1207 1948 1375 2011 thesaurus
1393 1969 1451 2033 pa·

495 2061 593 2114 ternae
608 2049 846 2128 benedictionis,
861 2072 958 2135 quem
973 2049 1064 2112 vobis
1078 2070 1216 2127 reservo,
1230 2049 1255 2112 si
1270 2049 1310 2111 ad
1327 2062 1449 2134 patrem

494 2164 639 2238 agentem
651 2153 682 2215 in
695 2151 846 2215 extremis
857 2152 1005 2238 majestas
1015 2163 1120 2215 vestra
1131 2150 1281 2235 dignetur
1292 2151 1449 2215 accedere.

497 2252 658 2317 Constitui
670 2277 723 2317 vos
734 2255 767 2316 in
779 2267 876 2339 caput
888 2253 1045 2337 gentium,
1058 2254 1168 2316 matris
1180 2266 1302 2328 vestrae,
1316 2253 1453 2338 pedibus

497 2353 609 2419 vestris
620 2353 755 2441 subjecti
770 2353 863 2434 filios,
874 2367 908 2418 et
923 2354 1028 2419 adhuc
1040 2354 1170 2439 quidem
1182 2355 1223 2418 de
1234 2357 1453 2441 promptuario

496 2457 610 2540 gratiae
643 2457 805 2541 plenioris,
834 2457 911 2521 dum
943 2457 1081 2521 audiatis
1115 2457 1309 2522 vocationem
1340 2457 1454 2536 Patris,

494 2560 663 2646 adjicietur
675 2561 765 2626 vobis
782 2560 822 2623 de
834 2583 905 2624 rore
917 2561 990 2625 coeli
1006 2561 1153 2646 desuper,
1161 2575 1192 2625 et
1205 2561 1247 2624 de
1258 2562 1453 2648 pinguedine

498 2671 594 2723 terroe
608 2659 786 2724 benedictio
801 2660 975 2724 cumulata.
1015 2662 1108 2738 Quod
1124 2661 1150 2723 si
1171 2662 1275 2725 redire
1290 2685 1351 2725 non
1368 2662 1453 2738 licet,

501 2758 550 2822 vel
565 2782 628 2822 non
643 2761 759 2840 placet,
771 2761 955 2824 thesaurum
968 2762 1054 2823 hunc
1066 2761 1155 2823 vobis
1169 2762 1402 2826 restituendum
1414 2763 1456 2826 ab

500 2860 641 2936 ecclesia,
658 2859 732 2924 fidei
754 2860 857 2945 ipsius
879 2859 1076 2941 commend0‚
1097 2873 1129 2923 et
1151 2884 1206 2924 vos
1228 2864 1457 2940 commendavi,

501 2975 532 3026 et
554 2962 654 3047 ipsam
676 2960 766 3023 vobis
788 2982 855 3023 esse
877 2959 1024 3022 desidero
1044 2960 1306 3025 commendatam.
1350 2966 1457 3026 Mater

501 3076 605 3128 vestra
624 3075 684 3138 est,
700 3084 815 3147 sponsa
831 3060 952 3127 Christi
975 3074 1034 3139 est,
1050 3074 1081 3125 et
1104 3065 1218 3149 quovis
1235 3062 1410 3148 gloriosior,
1425 3077 1456 3128 et

502 3163 662 3250 potentior
684 3162 877 3248 principatu,
902 3184 957 3224 nec
980 3162 1129 3227 adversus
1152 3187 1220 3227 eam
1243 3178 1346 3251 portae
1366 3167 1458 3231 inferi

504 3265 733 3350 praevalebunt.
762 3266 895 3351 Accepit
918 3289 937 3329 a
958 3266 1088 3331 Christo
1113 3291 1182 3346 sno,
1206 3282 1242 3332 ut
1269 3268 1355 3349 illuc,
1376 3292 1458 3355 qnos

504 3365 689 3443 decreverit,
715 3366 803 3429 nullo
826 3364 1017 3451 prohibente
1042 3367 1199 3445 intrudat,
1222 3382 1253 3433 et
1277 3370 1350 3433 inde
1375 3392 1458 3456 quos

505 3468 640 3533 voluerit
660 3481 808 3553 potenter
823 3468 937 3553 ejiciat.
969 3470 1003 3532 Si
1025 3469 1137 3547 vultis,
1152 3473 1249 3535 immo
1269 3472 1347 3557 quia
1362 3473 1460 3537 vultis

506 3570 670 3636 Christum
698 3570 815 3633 habere
840 3569 1028 3655 propitium,
1051 3593 1196 3655 sponsam
1221 3575 1291 3660 ejus
1314 3598 1389 3660 quae
1413 3588 1460 3639 est

505 3672 645 3749 ecclesia,
655 3671 748 3756 cujus
757 3683 788 3735 et
800 3672 870 3754 ipse
880 3684 978 3757 caput
988 3685 1046 3747 est,
1056 3671 1110 3735 illa
1119 3674 1202 3736 enim
1213 3677 1326 3760 capitis
1335 3700 1462 3761 corpus,

506 3771 662 3837 studeatis
690 3773 808 3836 habere
838 3773 1018 3857 propitiam.
1057 3774 1139 3836 Nam
1167 3775 1219 3836 cui
1244 3774 1334 3839 deest
1359 3777 1463 3860 gratia

507 3875 655 3955 ecclesiae,
672 3888 737 3941 tota
753 3874 889 3938 creatrix
907 3873 1047 3939 Trinitas
1062 3875 1258 3941 adversatur.

552 3979 737 4061 Suggerunt
757 3976 848 4039 vohis
868 3975 925 4039 filii
941 3975 1049 4039 saeculi
1071 3977 1178 4061 hujus,
1194 3968 1231 4040 nt
1250 3978 1389 4042 ecclesiae
1405 3982 1463 4045 mi-

509 4077 614 4140 nuatis
629 4079 862 4155 auctoritatem,
878 4090 914 4141 ut
930 4077 1020 4142 vobis
1036 4079 1123 4162 regia
1143 4078 1282 4164 dignitas
1297 4098 1464 4166 augeatur.

511 4181 606 4243 Certe
635 4193 771 4243 vestram
802 4180 992 4267 impugnant
1025 4183 1232 4268 majestatem,
1257 4197 1288 4248 et
1319 4183 1465 4271 indigna·

511 4280 627 4343 tionem
647 4282 776 4344 Domini
791 4300 977 4367 procurant,
991 4283 1187 4369 quicumque
1203 4301 1277 4351 sunt
1293 4287 1351 4350 illi.
1390 4289 1464 4371 Ipse

510 4394 557 4445 est
580 4381 637 4465 qui
660 4381 803 4447 dilatavit
831 4387 982 4449 terminos
1006 4399 1136 4465 vestros,
1159 4388 1227 4472 ipse
1249 4389 1305 4473 qui
1329 4403 1464 4453 vestram

510 4482 661 4570 provexit
676 4481 820 4567 gloriam.
866 4487 1004 4550 Omnino
1026 4487 1171 4572 iniquum
1188 4503 1234 4552 est
1260 4490 1357 4552 sivos
1375 4489 1469 4555 bene·

555 4606 628 4650 von.
647 4606 670 4649 1.
980 4607 1000 4649 a
