<?xml version="1.0" encoding="UTF-8"?>
<!DOCTYPE html PUBLIC "-//W3C//DTD XHTML 1.0 Transitional//EN"
    "http://www.w3.org/TR/xhtml1/DTD/xhtml1-transitional.dtd">
<html xmlns="http://www.w3.org/1999/xhtml" xml:lang="en" lang="en">
 <head>
  <title>
</title>
<meta http-equiv="Content-Type" content="text/html;charset=utf-8" />
  <meta name='ocr-system' content='tesseract 3.04.00' />
  <meta name='ocr-capabilities' content='ocr_page ocr_carea ocr_par ocr_line ocrx_word'/>
</head>
<body>
  <div class='ocr_page' id='page_1' title='image "./joannissaresber01johngoog_0066.png"; bbox 0 0 3875 5725; ppageno 0'>
   <div class='ocr_carea' id='block_1_1' title="bbox 630 860 1590 939">
    <p class='ocr_par' dir='ltr' id='par_1_1' title="bbox 630 860 1590 939">
     <span class='ocr_line' id='line_1_1' title="bbox 630 860 1590 939; baseline 0.004 -20"><span class='ocrx_word' id='word_1_1' title='bbox 630 862 670 921; x_wconf 77' lang='lat'><strong>⁴8</strong></span> <span class='ocrx_word' id='word_1_2' title='bbox 883 874 1020 920; x_wconf 71' lang='lat' dir='ltr'><strong>solutus</strong></span> <span class='ocrx_word' id='word_1_3' title='bbox 1036 871 1314 918; x_wconf 75' lang='lat' dir='ltr'><strong>sinnsssiususis</strong></span> <span class='ocrx_word' id='word_1_4' title='bbox 1489 860 1541 939; x_wconf 77' lang='lat' dir='ltr'><strong>[A.</strong></span> <span class='ocrx_word' id='word_1_5' title='bbox 1559 879 1590 923; x_wconf 88' lang='lat' dir='ltr'><strong>n.</strong></span> 
     </span>
    </p>
   </div>
   <div class='ocr_carea' id='block_1_2' title="bbox 616 1024 1589 2832">
    <p class='ocr_par' dir='ltr' id='par_1_2' title="bbox 616 1024 1589 2832">
     <span class='ocr_line' id='line_1_2' title="bbox 627 1024 1589 1114; baseline 0.002 -22"><span class='ocrx_word' id='word_1_6' title='bbox 627 1029 729 1114; x_wconf 88' lang='lat' dir='ltr'><strong>specie</strong></span> <span class='ocrx_word' id='word_1_7' title='bbox 745 1024 872 1088; x_wconf 85' lang='lat' dir='ltr'><strong>videtur</strong></span> <span class='ocrx_word' id='word_1_8' title='bbox 887 1026 1011 1089; x_wconf 90' lang='lat' dir='ltr'><strong>induta.</strong></span> <span class='ocrx_word' id='word_1_9' title='bbox 1057 1027 1217 1088; x_wconf 79' lang='lat' dir='ltr'><strong>Caeterum</strong></span> <span class='ocrx_word' id='word_1_10' title='bbox 1237 1046 1338 1109; x_wconf 92' lang='lat' dir='ltr'><strong>quum</strong></span> <span class='ocrx_word' id='word_1_11' title='bbox 1356 1047 1396 1089; x_wconf 84' lang='lat' dir='ltr'><strong>ex</strong></span> <span class='ocrx_word' id='word_1_12' title='bbox 1409 1040 1481 1112; x_wconf 91' lang='lat' dir='ltr'><strong>post</strong></span> <span class='ocrx_word' id='word_1_13' title='bbox 1498 1029 1589 1095; x_wconf 88' lang='lat' dir='ltr'><strong>facto</strong></span> 
     </span>
     <span class='ocr_line' id='line_1_3' title="bbox 625 1124 1588 1216; baseline 0.001 -24"><span class='ocrx_word' id='word_1_14' title='bbox 625 1127 770 1193; x_wconf 90' lang='lat' dir='ltr'><strong>diuturni</strong></span> <span class='ocrx_word' id='word_1_15' title='bbox 786 1125 902 1190; x_wconf 86' lang='lat' dir='ltr'><strong>silentii</strong></span> <span class='ocrx_word' id='word_1_16' title='bbox 924 1148 1021 1190; x_wconf 90' lang='lat' dir='ltr'><strong>causa</strong></span> <span class='ocrx_word' id='word_1_17' title='bbox 1043 1125 1134 1189; x_wconf 91' lang='lat' dir='ltr'><strong>nobis</strong></span> <span class='ocrx_word' id='word_1_18' title='bbox 1152 1124 1304 1204; x_wconf 90' lang='lat' dir='ltr'><strong>innotuit,</strong></span> <span class='ocrx_word' id='word_1_19' title='bbox 1318 1147 1378 1211; x_wconf 90' lang='lat' dir='ltr'><strong>pro</strong></span> <span class='ocrx_word' id='word_1_20' title='bbox 1399 1140 1488 1192; x_wconf 89' lang='lat' dir='ltr'><strong>certo</strong></span> <span class='ocrx_word' id='word_1_21' title='bbox 1510 1153 1588 1216; x_wconf 81' lang='lat' dir='ltr'><strong>cog-</strong></span> 
     </span>
     <span class='ocr_line' id='line_1_4' title="bbox 625 1225 1585 1314; baseline 0.002 -21"><span class='ocrx_word' id='word_1_22' title='bbox 625 1229 769 1293; x_wconf 83' lang='lat' dir='ltr'><strong>novimus</strong></span> <span class='ocrx_word' id='word_1_23' title='bbox 783 1249 846 1291; x_wconf 92' lang='lat' dir='ltr'><strong>non</strong></span> <span class='ocrx_word' id='word_1_24' title='bbox 859 1241 923 1292; x_wconf 87' lang='lat' dir='ltr'><strong>tarn</strong></span> <span class='ocrx_word' id='word_1_25' title='bbox 936 1227 1081 1291; x_wconf 81' lang='lat' dir='ltr'><strong>dilationi</strong></span> <span class='ocrx_word' id='word_1_26' title='bbox 1093 1225 1216 1289; x_wconf 88' lang='lat' dir='ltr'><strong>veniam</strong></span> <span class='ocrx_word' id='word_1_27' title='bbox 1229 1225 1470 1310; x_wconf 75' lang='lat' dir='ltr'><strong>indulgendam,</strong></span> <span class='ocrx_word' id='word_1_28' title='bbox 1482 1252 1585 1314; x_wconf 93' lang='lat' dir='ltr'><strong>quam</strong></span> 
     </span>
     <span class='ocr_line' id='line_1_5' title="bbox 623 1327 1582 1414; baseline 0.001 -20"><span class='ocrx_word' id='word_1_29' title='bbox 623 1329 795 1404; x_wconf 87' lang='lat' dir='ltr'><strong>dilectioni,</strong></span> <span class='ocrx_word' id='word_1_30' title='bbox 811 1343 842 1394; x_wconf 89' lang='lat' dir='ltr'><strong>et</strong></span> <span class='ocrx_word' id='word_1_31' title='bbox 859 1327 1076 1406; x_wconf 76' lang='lat' dir='ltr'><strong>sollicitudini,</strong></span> <span class='ocrx_word' id='word_1_32' title='bbox 1091 1348 1187 1412; x_wconf 92' lang='lat' dir='ltr'><strong>super</strong></span> <span class='ocrx_word' id='word_1_33' title='bbox 1201 1349 1278 1392; x_wconf 90' lang='lat' dir='ltr'><strong>sano</strong></span> <span class='ocrx_word' id='word_1_34' title='bbox 1298 1329 1429 1393; x_wconf 91' lang='lat' dir='ltr'><strong>consilio</strong></span> <span class='ocrx_word' id='word_1_35' title='bbox 1441 1331 1582 1414; x_wconf 84' lang='lat' dir='ltr'><strong>gratiam</strong></span> 
     </span>
     <span class='ocr_line' id='line_1_6' title="bbox 623 1426 1581 1513; baseline 0.004 -20"><span class='ocrx_word' id='word_1_36' title='bbox 623 1429 830 1493; x_wconf 77' lang='lat' dir='ltr'><strong>referendam.</strong></span> <span class='ocrx_word' id='word_1_37' title='bbox 876 1429 979 1492; x_wconf 93' lang='lat' dir='ltr'><strong>Nemo</strong></span> <span class='ocrx_word' id='word_1_38' title='bbox 1003 1429 1028 1491; x_wconf 93' lang='lat' dir='ltr'><strong>si</strong></span> <span class='ocrx_word' id='word_1_39' title='bbox 1049 1426 1179 1513; x_wconf 86' lang='lat' dir='ltr'><strong>quidem</strong></span> <span class='ocrx_word' id='word_1_40' title='bbox 1201 1428 1336 1492; x_wconf 81' lang='lat' dir='ltr'><strong>fratrum</strong></span> <span class='ocrx_word' id='word_1_41' title='bbox 1356 1444 1413 1494; x_wconf 91' lang='lat' dir='ltr'><strong>aut</strong></span> <span class='ocrx_word' id='word_1_42' title='bbox 1434 1429 1581 1497; x_wconf 90' lang='lat' dir='ltr'><strong>fidelium</strong></span> 
     </span>
     <span class='ocr_line' id='line_1_7' title="bbox 623 1529 1579 1615; baseline 0.005 -22"><span class='ocrx_word' id='word_1_43' title='bbox 623 1543 813 1608; x_wconf 89' lang='lat' dir='ltr'><strong>nostrorum,</strong></span> <span class='ocrx_word' id='word_1_44' title='bbox 833 1530 890 1615; x_wconf 92' lang='lat' dir='ltr'><strong>qui</strong></span> <span class='ocrx_word' id='word_1_45' title='bbox 913 1529 996 1593; x_wconf 89' lang='lat' dir='ltr'><strong>circa</strong></span> <span class='ocrx_word' id='word_1_46' title='bbox 1019 1551 1075 1592; x_wconf 93' lang='lat' dir='ltr'><strong>vos</strong></span> <span class='ocrx_word' id='word_1_47' title='bbox 1097 1541 1184 1606; x_wconf 91' lang='lat' dir='ltr'><strong>sunt,</strong></span> <span class='ocrx_word' id='word_1_48' title='bbox 1204 1542 1324 1594; x_wconf 84' lang='lat' dir='ltr'><strong>tantam</strong></span> <span class='ocrx_word' id='word_1_49' title='bbox 1347 1531 1447 1595; x_wconf 92' lang='lat' dir='ltr'><strong>nostri</strong></span> <span class='ocrx_word' id='word_1_50' title='bbox 1468 1554 1579 1597; x_wconf 86' lang='lat' dir='ltr'><strong>curam</strong></span> 
     </span>
     <span class='ocr_line' id='line_1_8' title="bbox 622 1630 1578 1721; baseline 0.005 -27"><span class='ocrx_word' id='word_1_51' title='bbox 622 1630 739 1695; x_wconf 89' lang='lat' dir='ltr'><strong>habere</strong></span> <span class='ocrx_word' id='word_1_52' title='bbox 754 1631 840 1695; x_wconf 89' lang='lat' dir='ltr'><strong>visus</strong></span> <span class='ocrx_word' id='word_1_53' title='bbox 853 1646 913 1707; x_wconf 89' lang='lat' dir='ltr'><strong>est,</strong></span> <span class='ocrx_word' id='word_1_54' title='bbox 930 1646 966 1695; x_wconf 91' lang='lat' dir='ltr'><strong>ut</strong></span> <span class='ocrx_word' id='word_1_55' title='bbox 981 1651 1090 1693; x_wconf 91' lang='lat' dir='ltr'><strong>eorum</strong></span> <span class='ocrx_word' id='word_1_56' title='bbox 1106 1652 1181 1715; x_wconf 81' lang='lat' dir='ltr'><strong>quae</strong></span> <span class='ocrx_word' id='word_1_57' title='bbox 1196 1630 1279 1695; x_wconf 89' lang='lat' dir='ltr'><strong>circa</strong></span> <span class='ocrx_word' id='word_1_58' title='bbox 1289 1631 1452 1696; x_wconf 92' lang='lat' dir='ltr'><strong>dominum</strong></span> <span class='ocrx_word' id='word_1_59' title='bbox 1470 1656 1578 1721; x_wconf 82' lang='lat' dir='ltr'><strong>regem</strong></span> 
     </span>
     <span class='ocr_line' id='line_1_9' title="bbox 621 1732 1580 1822; baseline 0.002 -23"><span class='ocrx_word' id='word_1_60' title='bbox 621 1733 714 1809; x_wconf 86' lang='lat' dir='ltr'><strong>fiunt,</strong></span> <span class='ocrx_word' id='word_1_61' title='bbox 729 1754 786 1797; x_wconf 94' lang='lat' dir='ltr'><strong>nos</strong></span> <span class='ocrx_word' id='word_1_62' title='bbox 807 1747 910 1798; x_wconf 89' lang='lat' dir='ltr'><strong>certos</strong></span> <span class='ocrx_word' id='word_1_63' title='bbox 932 1733 1061 1811; x_wconf 91' lang='lat' dir='ltr'><strong>faceret,</strong></span> <span class='ocrx_word' id='word_1_64' title='bbox 1079 1747 1135 1796; x_wconf 91' lang='lat' dir='ltr'><strong>aut</strong></span> <span class='ocrx_word' id='word_1_65' title='bbox 1160 1732 1287 1815; x_wconf 81' lang='lat' dir='ltr'><strong>ignaros</strong></span> <span class='ocrx_word' id='word_1_66' title='bbox 1308 1747 1479 1799; x_wconf 88' lang='lat' dir='ltr'><strong>eventuum</strong></span> <span class='ocrx_word' id='word_1_67' title='bbox 1501 1758 1580 1822; x_wconf 82' lang='lat' dir='ltr'><strong>prae-</strong></span> 
     </span>
     <span class='ocr_line' id='line_1_10' title="bbox 622 1833 1576 1918; baseline 0.001 -17"><span class='ocrx_word' id='word_1_68' title='bbox 622 1836 770 1901; x_wconf 79' lang='lat' dir='ltr'><strong>muniret.</strong></span> <span class='ocrx_word' id='word_1_69' title='bbox 826 1836 921 1902; x_wconf 85' lang='lat' dir='ltr'><strong>Unde</strong></span> <span class='ocrx_word' id='word_1_70' title='bbox 951 1849 982 1899; x_wconf 90' lang='lat' dir='ltr'><strong>et</strong></span> <span class='ocrx_word' id='word_1_71' title='bbox 1012 1835 1104 1898; x_wconf 91' lang='lat' dir='ltr'><strong>vobis</strong></span> <span class='ocrx_word' id='word_1_72' title='bbox 1134 1855 1191 1896; x_wconf 86' lang='lat' dir='ltr'><strong>nos</strong></span> <span class='ocrx_word' id='word_1_73' title='bbox 1220 1833 1406 1918; x_wconf 91' lang='lat' dir='ltr'><strong>ampliorem</strong></span> <span class='ocrx_word' id='word_1_74' title='bbox 1436 1836 1576 1902; x_wconf 91' lang='lat' dir='ltr'><strong>fatemur</strong></span> 
     </span>
     <span class='ocr_line' id='line_1_11' title="bbox 620 1936 1577 2023; baseline 0.001 -21"><span class='ocrx_word' id='word_1_75' title='bbox 620 1937 755 2023; x_wconf 85' lang='lat' dir='ltr'><strong>gratiam</strong></span> <span class='ocrx_word' id='word_1_76' title='bbox 777 1937 903 2012; x_wconf 89' lang='lat' dir='ltr'><strong>debere,</strong></span> <span class='ocrx_word' id='word_1_77' title='bbox 920 1937 976 2022; x_wconf 93' lang='lat' dir='ltr'><strong>qui</strong></span> <span class='ocrx_word' id='word_1_78' title='bbox 995 1938 1068 2000; x_wconf 92' lang='lat' dir='ltr'><strong>licet</strong></span> <span class='ocrx_word' id='word_1_79' title='bbox 1092 1936 1166 2020; x_wconf 88' lang='lat' dir='ltr'><strong>plus</strong></span> <span class='ocrx_word' id='word_1_80' title='bbox 1188 1958 1285 2021; x_wconf 90' lang='lat' dir='ltr'><strong>quarn</strong></span> <span class='ocrx_word' id='word_1_81' title='bbox 1309 1936 1462 2000; x_wconf 85' lang='lat' dir='ltr'><strong>vellemus</strong></span> <span class='ocrx_word' id='word_1_82' title='bbox 1480 1938 1577 2003; x_wconf 89' lang='lat' dir='ltr'><strong>silue-</strong></span> 
     </span>
     <span class='ocr_line' id='line_1_12' title="bbox 620 2036 1575 2124; baseline 0.001 -22"><span class='ocrx_word' id='word_1_83' title='bbox 620 2039 702 2118; x_wconf 92' lang='lat' dir='ltr'><strong>ritis,</strong></span> <span class='ocrx_word' id='word_1_84' title='bbox 717 2037 921 2124; x_wconf 90' lang='lat' dir='ltr'><strong>postmodum</strong></span> <span class='ocrx_word' id='word_1_85' title='bbox 944 2050 1049 2099; x_wconf 90' lang='lat' dir='ltr'><strong>tamen</strong></span> <span class='ocrx_word' id='word_1_86' title='bbox 1070 2036 1298 2101; x_wconf 85' lang='lat' dir='ltr'><strong>taciturnitatis</strong></span> <span class='ocrx_word' id='word_1_87' title='bbox 1318 2059 1437 2100; x_wconf 90' lang='lat' dir='ltr'><strong>moram</strong></span> <span class='ocrx_word' id='word_1_88' title='bbox 1457 2038 1575 2104; x_wconf 88' lang='lat' dir='ltr'><strong>discre-</strong></span> 
     </span>
     <span class='ocr_line' id='line_1_13' title="bbox 621 2137 1575 2224; baseline 0.003 -22"><span class='ocrx_word' id='word_1_89' title='bbox 621 2138 706 2203; x_wconf 89' lang='lat' dir='ltr'><strong>tione</strong></span> <span class='ocrx_word' id='word_1_90' title='bbox 717 2137 849 2222; x_wconf 89' lang='lat' dir='ltr'><strong>provida</strong></span> <span class='ocrx_word' id='word_1_91' title='bbox 864 2139 1099 2222; x_wconf 80' lang='lat' dir='ltr'><strong>compensastis.</strong></span> <span class='ocrx_word' id='word_1_92' title='bbox 1132 2140 1177 2201; x_wconf 87' lang='lat' dir='ltr'><strong>Et</strong></span> <span class='ocrx_word' id='word_1_93' title='bbox 1190 2141 1266 2223; x_wconf 87' lang='lat' dir='ltr'><strong>quia</strong></span> <span class='ocrx_word' id='word_1_94' title='bbox 1281 2137 1435 2203; x_wconf 88' lang='lat' dir='ltr'><strong>articulus</strong></span> <span class='ocrx_word' id='word_1_95' title='bbox 1445 2142 1575 2224; x_wconf 86' lang='lat' dir='ltr'><strong>gravior</strong></span> 
     </span>
     <span class='ocr_line' id='line_1_14' title="bbox 620 2238 1575 2310; baseline 0.005 -8"><span class='ocrx_word' id='word_1_96' title='bbox 620 2239 748 2304; x_wconf 88' lang='lat' dir='ltr'><strong>videtur</strong></span> <span class='ocrx_word' id='word_1_97' title='bbox 762 2238 919 2310; x_wconf 85' lang='lat' dir='ltr'><strong>incidisse,</strong></span> <span class='ocrx_word' id='word_1_98' title='bbox 935 2261 991 2301; x_wconf 88' lang='lat' dir='ltr'><strong>vos</strong></span> <span class='ocrx_word' id='word_1_99' title='bbox 1007 2240 1089 2302; x_wconf 88' lang='lat' dir='ltr'><strong>sicut</strong></span> <span class='ocrx_word' id='word_1_100' title='bbox 1104 2239 1233 2302; x_wconf 92' lang='lat' dir='ltr'><strong>fratrem</strong></span> <span class='ocrx_word' id='word_1_101' title='bbox 1250 2252 1282 2304; x_wconf 91' lang='lat' dir='ltr'><strong>et</strong></span> <span class='ocrx_word' id='word_1_102' title='bbox 1297 2240 1433 2304; x_wconf 89' lang='lat' dir='ltr'><strong>amicum</strong></span> <span class='ocrx_word' id='word_1_103' title='bbox 1450 2243 1575 2307; x_wconf 84' lang='lat' dir='ltr'><strong>carissi·</strong></span> 
     </span>
     <span class='ocr_line' id='line_1_15' title="bbox 616 2340 1575 2430; baseline 0.004 -26"><span class='ocrx_word' id='word_1_104' title='bbox 616 2363 706 2404; x_wconf 91' lang='lat' dir='ltr'><strong>mum</strong></span> <span class='ocrx_word' id='word_1_105' title='bbox 724 2363 872 2425; x_wconf 84' lang='lat' dir='ltr'><strong>rogamus</strong></span> <span class='ocrx_word' id='word_1_106' title='bbox 884 2340 1048 2420; x_wconf 86' lang='lat' dir='ltr'><strong>attentius,</strong></span> <span class='ocrx_word' id='word_1_107' title='bbox 1070 2354 1106 2405; x_wconf 92' lang='lat' dir='ltr'><strong>ut</strong></span> <span class='ocrx_word' id='word_1_108' title='bbox 1123 2363 1179 2404; x_wconf 91' lang='lat' dir='ltr'><strong>nos</strong></span> <span class='ocrx_word' id='word_1_109' title='bbox 1193 2341 1226 2404; x_wconf 92' lang='lat' dir='ltr'><strong>iu</strong></span> <span class='ocrx_word' id='word_1_110' title='bbox 1242 2341 1376 2424; x_wconf 80' lang='lat' dir='ltr'><strong>singulis</strong></span> <span class='ocrx_word' id='word_1_111' title='bbox 1392 2366 1465 2428; x_wconf 84' lang='lat' dir='ltr'><strong>quae</strong></span> <span class='ocrx_word' id='word_1_112' title='bbox 1479 2368 1575 2430; x_wconf 83' lang='lat' dir='ltr'><strong>expe-</strong></span> 
     </span>
     <span class='ocr_line' id='line_1_16' title="bbox 618 2441 1574 2531; baseline 0.004 -23"><span class='ocrx_word' id='word_1_113' title='bbox 618 2443 688 2508; x_wconf 87' lang='lat' dir='ltr'><strong>dire</strong></span> <span class='ocrx_word' id='word_1_114' title='bbox 703 2442 852 2507; x_wconf 88' lang='lat' dir='ltr'><strong>noveritis</strong></span> <span class='ocrx_word' id='word_1_115' title='bbox 867 2442 1099 2528; x_wconf 86' lang='lat' dir='ltr'><strong>ptaemuniatis,</strong></span> <span class='ocrx_word' id='word_1_116' title='bbox 1114 2442 1191 2527; x_wconf 92' lang='lat' dir='ltr'><strong>quia</strong></span> <span class='ocrx_word' id='word_1_117' title='bbox 1206 2441 1335 2507; x_wconf 88' lang='lat' dir='ltr'><strong>consilio</strong></span> <span class='ocrx_word' id='word_1_118' title='bbox 1354 2458 1459 2508; x_wconf 90' lang='lat' dir='ltr'><strong>vestro</strong></span> <span class='ocrx_word' id='word_1_119' title='bbox 1474 2447 1574 2531; x_wconf 87' lang='lat' dir='ltr'><strong>pluri-</strong></span> 
     </span>
     <span class='ocr_line' id='line_1_17' title="bbox 619 2542 1571 2630; baseline 0.004 -22"><span class='ocrx_word' id='word_1_120' title='bbox 619 2567 706 2608; x_wconf 90' lang='lat' dir='ltr'><strong>mum</strong></span> <span class='ocrx_word' id='word_1_121' title='bbox 737 2543 939 2630; x_wconf 78' lang='lat' dir='ltr'><strong>adquiescere</strong></span> <span class='ocrx_word' id='word_1_122' title='bbox 968 2543 1160 2628; x_wconf 86' lang='lat' dir='ltr'><strong>jampridem</strong></span> <span class='ocrx_word' id='word_1_123' title='bbox 1192 2542 1398 2610; x_wconf 81' lang='lat' dir='ltr'><strong>decrevimus.</strong></span> <span class='ocrx_word' id='word_1_124' title='bbox 1444 2549 1489 2610; x_wconf 87' lang='lat' dir='ltr'><strong>Et</strong></span> <span class='ocrx_word' id='word_1_125' title='bbox 1519 2549 1571 2612; x_wconf 89' lang='lat' dir='ltr'><strong>bic</strong></span> 
     </span>
     <span class='ocr_line' id='line_1_18' title="bbox 617 2644 1571 2732; baseline 0.005 -24"><span class='ocrx_word' id='word_1_126' title='bbox 617 2644 732 2709; x_wconf 92' lang='lat' dir='ltr'><strong>modus</strong></span> <span class='ocrx_word' id='word_1_127' title='bbox 740 2658 872 2731; x_wconf 89' lang='lat' dir='ltr'><strong>est,quo</strong></span> <span class='ocrx_word' id='word_1_128' title='bbox 882 2658 1018 2708; x_wconf 88' lang='lat' dir='ltr'><strong>vestram</strong></span> <span class='ocrx_word' id='word_1_129' title='bbox 1028 2645 1201 2708; x_wconf 87' lang='lat' dir='ltr'><strong>absentiam</strong></span> <span class='ocrx_word' id='word_1_130' title='bbox 1213 2644 1303 2708; x_wconf 89' lang='lat' dir='ltr'><strong>nobis</strong></span> <span class='ocrx_word' id='word_1_131' title='bbox 1312 2646 1415 2710; x_wconf 88' lang='lat' dir='ltr'><strong>facere</strong></span> <span class='ocrx_word' id='word_1_132' title='bbox 1424 2651 1571 2732; x_wconf 91' lang='lat' dir='ltr'><strong>poteritis</strong></span> 
     </span>
     <span class='ocr_line' id='line_1_19' title="bbox 617 2744 1567 2832; baseline 0.004 -22"><span class='ocrx_word' id='word_1_133' title='bbox 617 2747 827 2825; x_wconf 82' lang='lat' dir='ltr'><strong>fructuosam,</strong></span> <span class='ocrx_word' id='word_1_134' title='bbox 849 2746 875 2809; x_wconf 88' lang='lat' dir='ltr'><strong>si</strong></span> <span class='ocrx_word' id='word_1_135' title='bbox 905 2769 980 2832; x_wconf 82' lang='lat' dir='ltr'><strong>quae</strong></span> <span class='ocrx_word' id='word_1_136' title='bbox 1008 2744 1146 2809; x_wconf 87' lang='lat' dir='ltr'><strong>ecclesiae</strong></span> <span class='ocrx_word' id='word_1_137' title='bbox 1175 2765 1293 2812; x_wconf 76' lang='lat' dir='ltr'><strong>nostra</strong></span> <span class='ocrx_word' id='word_1_138' title='bbox 1324 2747 1463 2812; x_wconf 88' lang='lat' dir='ltr'><strong>salubria</strong></span> <span class='ocrx_word' id='word_1_139' title='bbox 1492 2765 1567 2814; x_wconf 92' lang='lat' dir='ltr'><strong>sunt</strong></span> 
     </span>
    </p>
   </div>
   <div class='ocr_carea' id='block_1_3' title="bbox 616 2848 1165 2938">
    <p class='ocr_par' dir='ltr' id='par_1_3' title="bbox 616 2848 1165 2938">
     <span class='ocr_line' id='line_1_20' title="bbox 616 2848 1165 2938; baseline -0.004 -22"><span class='ocrx_word' id='word_1_140' title='bbox 616 2850 803 2917; x_wconf 88' lang='lat' dir='ltr'><strong>studueritis</strong></span> <span class='ocrx_word' id='word_1_141' title='bbox 818 2873 998 2938; x_wconf 86' lang='lat' dir='ltr'><strong>procurare.</strong></span> <span class='ocrx_word' id='word_1_142' title='bbox 1043 2848 1165 2915; x_wconf 91' lang='lat' dir='ltr'><strong>Valete.</strong></span> 
     </span>
    </p>
   </div>
   <div class='ocr_carea' id='block_1_4' title="bbox 882 3096 1294 3162">
    <p class='ocr_par' dir='ltr' id='par_1_4' title="bbox 882 3096 1294 3162">
     <span class='ocr_line' id='line_1_21' title="bbox 882 3096 1294 3162; baseline 0.012 -5"><span class='ocrx_word' id='word_1_143' title='bbox 882 3097 1120 3160; x_wconf 80' lang='lat' dir='ltr'><strong>EPISTOLA</strong></span> <span class='ocrx_word' id='word_1_144' title='bbox 1144 3096 1294 3162; x_wconf 92' lang='lat' dir='ltr'><strong>XLVlI.</strong></span> 
     </span>
    </p>
   </div>
   <div class='ocr_carea' id='block_1_5' title="bbox 605 3235 1636 4541">
    <p class='ocr_par' dir='ltr' id='par_1_5' title="bbox 605 3235 1636 4541">
     <span class='ocr_line' id='line_1_22' title="bbox 658 3235 1636 3325; baseline 0.004 -26"><span class='ocrx_word' id='word_1_145' title='bbox 658 3238 868 3300; x_wconf 78' lang='lat' dir='ltr'><strong>Suscaemus</strong></span> <span class='ocrx_word' id='word_1_146' title='bbox 890 3235 1013 3300; x_wconf 88' lang='lat' dir='ltr'><strong>litteras</strong></span> <span class='ocrx_word' id='word_1_147' title='bbox 1034 3238 1155 3304; x_wconf 90' lang='lat' dir='ltr'><strong>domini</strong></span> <span class='ocrx_word' id='word_1_148' title='bbox 1172 3240 1266 3324; x_wconf 83' lang='lat' dir='ltr'><strong>regis,</strong></span> <span class='ocrx_word' id='word_1_149' title='bbox 1282 3239 1401 3324; x_wconf 92' lang='lat' dir='ltr'><strong>quibus</strong></span> <span class='ocrx_word' id='word_1_150' title='bbox 1421 3244 1565 3325; x_wconf 87' lang='lat' dir='ltr'><strong>queritur</strong></span> <span class='ocrx_word' id='word_1_151' title='bbox 1633 3247 1636 3253; x_wconf 87' lang='lat'>&#39;</span> 
     </span>
     <span class='ocr_line' id='line_1_23' title="bbox 614 3337 1566 3407; baseline 0.005 -6"><span class='ocrx_word' id='word_1_152' title='bbox 614 3337 815 3402; x_wconf 91' lang='lat' dir='ltr'><strong>Willelmum</strong></span> <span class='ocrx_word' id='word_1_153' title='bbox 831 3338 979 3401; x_wconf 89' lang='lat' dir='ltr'><strong>abbatem</strong></span> <span class='ocrx_word' id='word_1_154' title='bbox 995 3351 1026 3403; x_wconf 90' lang='lat' dir='ltr'><strong>et</strong></span> <span class='ocrx_word' id='word_1_155' title='bbox 1042 3339 1206 3405; x_wconf 89' lang='lat' dir='ltr'><strong>ecclesiam</strong></span> <span class='ocrx_word' id='word_1_156' title='bbox 1227 3361 1314 3405; x_wconf 90' lang='lat' dir='ltr'><strong>suam</strong></span> <span class='ocrx_word' id='word_1_157' title='bbox 1331 3342 1372 3406; x_wconf 95' lang='lat' dir='ltr'><strong>de</strong></span> <span class='ocrx_word' id='word_1_158' title='bbox 1388 3341 1566 3407; x_wconf 89' lang='lat' dir='ltr'><strong>Lislesbula</strong></span> 
     </span>
     <span class='ocr_line' id='line_1_24' title="bbox 613 3437 1564 3528; baseline 0.003 -24"><span class='ocrx_word' id='word_1_159' title='bbox 613 3464 631 3504; x_wconf 92' lang='lat' dir='ltr'><strong>a</strong></span> <span class='ocrx_word' id='word_1_160' title='bbox 646 3437 737 3503; x_wconf 91' lang='lat' dir='ltr'><strong>nobis</strong></span> <span class='ocrx_word' id='word_1_161' title='bbox 753 3440 834 3502; x_wconf 89' lang='lat' dir='ltr'><strong>male</strong></span> <span class='ocrx_word' id='word_1_162' title='bbox 846 3451 1012 3503; x_wconf 85' lang='lat' dir='ltr'><strong>tractatam</strong></span> <span class='ocrx_word' id='word_1_163' title='bbox 1025 3464 1103 3517; x_wconf 89' lang='lat' dir='ltr'><strong>esse,</strong></span> <span class='ocrx_word' id='word_1_164' title='bbox 1114 3455 1238 3528; x_wconf 89' lang='lat' dir='ltr'><strong>petens,</strong></span> <span class='ocrx_word' id='word_1_165' title='bbox 1250 3466 1386 3523; x_wconf 90' lang='lat' dir='ltr'><strong>causam,</strong></span> <span class='ocrx_word' id='word_1_166' title='bbox 1398 3465 1471 3528; x_wconf 82' lang='lat' dir='ltr'><strong>quae</strong></span> <span class='ocrx_word' id='word_1_167' title='bbox 1483 3444 1564 3508; x_wconf 89' lang='lat' dir='ltr'><strong>inter</strong></span> 
     </span>
     <span class='ocr_line' id='line_1_25' title="bbox 612 3540 1565 3625; baseline 0.002 -19"><span class='ocrx_word' id='word_1_168' title='bbox 612 3566 665 3606; x_wconf 82' lang='lat' dir='ltr'><strong>vos</strong></span> <span class='ocrx_word' id='word_1_169' title='bbox 680 3555 711 3605; x_wconf 90' lang='lat' dir='ltr'><strong>et</strong></span> <span class='ocrx_word' id='word_1_170' title='bbox 722 3540 913 3625; x_wconf 89' lang='lat' dir='ltr'><strong>jamdictum</strong></span> <span class='ocrx_word' id='word_1_171' title='bbox 929 3541 1076 3606; x_wconf 89' lang='lat' dir='ltr'><strong>abbatem</strong></span> <span class='ocrx_word' id='word_1_172' title='bbox 1094 3543 1241 3619; x_wconf 86' lang='lat' dir='ltr'><strong>vertitur,</strong></span> <span class='ocrx_word' id='word_1_173' title='bbox 1257 3568 1276 3607; x_wconf 94' lang='lat' dir='ltr'><strong>a</strong></span> <span class='ocrx_word' id='word_1_174' title='bbox 1290 3545 1382 3609; x_wconf 91' lang='lat' dir='ltr'><strong>nobis</strong></span> <span class='ocrx_word' id='word_1_175' title='bbox 1396 3544 1458 3608; x_wconf 89' lang='lat' dir='ltr'><strong>fine</strong></span> <span class='ocrx_word' id='word_1_176' title='bbox 1473 3568 1565 3610; x_wconf 88' lang='lat' dir='ltr'><strong>cano-</strong></span> 
     </span>
     <span class='ocr_line' id='line_1_26' title="bbox 611 3640 1564 3732; baseline 0.003 -25"><span class='ocrx_word' id='word_1_177' title='bbox 611 3644 682 3708; x_wconf 92' lang='lat' dir='ltr'><strong>nico</strong></span> <span class='ocrx_word' id='word_1_178' title='bbox 694 3640 866 3716; x_wconf 84' lang='lat' dir='ltr'><strong>terminari,</strong></span> <span class='ocrx_word' id='word_1_179' title='bbox 877 3656 909 3707; x_wconf 90' lang='lat' dir='ltr'><strong>et</strong></span> <span class='ocrx_word' id='word_1_180' title='bbox 920 3643 980 3707; x_wconf 90' lang='lat' dir='ltr'><strong>nisi</strong></span> <span class='ocrx_word' id='word_1_181' title='bbox 992 3644 1099 3709; x_wconf 89' lang='lat' dir='ltr'><strong>velitis</strong></span> <span class='ocrx_word' id='word_1_182' title='bbox 1115 3644 1329 3731; x_wconf 87' lang='lat' dir='ltr'><strong>adquiescere,</strong></span> <span class='ocrx_word' id='word_1_183' title='bbox 1338 3668 1401 3711; x_wconf 91' lang='lat' dir='ltr'><strong>non</strong></span> <span class='ocrx_word' id='word_1_184' title='bbox 1412 3648 1564 3732; x_wconf 89' lang='lat' dir='ltr'><strong>patietur,</strong></span> 
     </span>
     <span class='ocr_line' id='line_1_27' title="bbox 610 3746 1564 3834; baseline 0.001 -22"><span class='ocrx_word' id='word_1_185' title='bbox 610 3748 698 3834; x_wconf 91' lang='lat' dir='ltr'><strong>quod</strong></span> <span class='ocrx_word' id='word_1_186' title='bbox 718 3748 751 3812; x_wconf 94' lang='lat' dir='ltr'><strong>in</strong></span> <span class='ocrx_word' id='word_1_187' title='bbox 770 3746 935 3834; x_wconf 79' lang='lat' dir='ltr'><strong>jamdictae</strong></span> <span class='ocrx_word' id='word_1_188' title='bbox 956 3746 1096 3812; x_wconf 87' lang='lat' dir='ltr'><strong>ecclesiae</strong></span> <span class='ocrx_word' id='word_1_189' title='bbox 1116 3746 1237 3833; x_wconf 89' lang='lat' dir='ltr'><strong>aliquid</strong></span> <span class='ocrx_word' id='word_1_190' title='bbox 1256 3771 1276 3811; x_wconf 92' lang='lat' dir='ltr'><strong>a</strong></span> <span class='ocrx_word' id='word_1_191' title='bbox 1297 3748 1392 3812; x_wconf 91' lang='lat' dir='ltr'><strong>modo</strong></span> <span class='ocrx_word' id='word_1_192' title='bbox 1411 3749 1564 3814; x_wconf 87' lang='lat' dir='ltr'><strong>babeatis.</strong></span> 
     </span>
     <span class='ocr_line' id='line_1_28' title="bbox 609 3849 1563 3936; baseline 0.001 -23"><span class='ocrx_word' id='word_1_193' title='bbox 609 3853 679 3914; x_wconf 89' lang='lat' dir='ltr'><strong>Nos</strong></span> <span class='ocrx_word' id='word_1_194' title='bbox 687 3864 794 3915; x_wconf 88' lang='lat' dir='ltr'><strong>autem</strong></span> <span class='ocrx_word' id='word_1_195' title='bbox 802 3850 957 3935; x_wconf 90' lang='lat' dir='ltr'><strong>jamdicto</strong></span> <span class='ocrx_word' id='word_1_196' title='bbox 967 3850 1075 3914; x_wconf 90' lang='lat' dir='ltr'><strong>abbati</strong></span> <span class='ocrx_word' id='word_1_197' title='bbox 1085 3849 1300 3935; x_wconf 83' lang='lat' dir='ltr'><strong>persuasimus</strong></span> <span class='ocrx_word' id='word_1_198' title='bbox 1309 3863 1346 3914; x_wconf 94' lang='lat' dir='ltr'><strong>ut</strong></span> <span class='ocrx_word' id='word_1_199' title='bbox 1357 3850 1563 3936; x_wconf 89' lang='lat' dir='ltr'><strong>appellationi</strong></span> 
     </span>
     <span class='ocr_line' id='line_1_29' title="bbox 608 3950 1563 4031; baseline 0.004 -21"><span class='ocrx_word' id='word_1_200' title='bbox 608 3953 694 4013; x_wconf 91' lang='lat' dir='ltr'><strong>omni</strong></span> <span class='ocrx_word' id='word_1_201' title='bbox 710 3952 880 4031; x_wconf 84' lang='lat' dir='ltr'><strong>renuntiet,</strong></span> <span class='ocrx_word' id='word_1_202' title='bbox 895 3952 921 4013; x_wconf 91' lang='lat' dir='ltr'><strong>si</strong></span> <span class='ocrx_word' id='word_1_203' title='bbox 937 3965 968 4015; x_wconf 91' lang='lat' dir='ltr'><strong>et</strong></span> <span class='ocrx_word' id='word_1_204' title='bbox 985 3975 1040 4015; x_wconf 89' lang='lat' dir='ltr'><strong>vos</strong></span> <span class='ocrx_word' id='word_1_205' title='bbox 1055 3954 1235 4016; x_wconf 87' lang='lat' dir='ltr'><strong>renuntiare</strong></span> <span class='ocrx_word' id='word_1_206' title='bbox 1253 3950 1426 4031; x_wconf 85' lang='lat' dir='ltr'><strong>volueritis,</strong></span> <span class='ocrx_word' id='word_1_207' title='bbox 1440 3964 1472 4016; x_wconf 90' lang='lat' dir='ltr'><strong>et</strong></span> <span class='ocrx_word' id='word_1_208' title='bbox 1489 3974 1563 4014; x_wconf 91' lang='lat' dir='ltr'><strong>nos-</strong></span> 
     </span>
     <span class='ocr_line' id='line_1_30' title="bbox 609 4049 1562 4137; baseline 0.006 -28"><span class='ocrx_word' id='word_1_209' title='bbox 609 4057 693 4110; x_wconf 89' lang='lat' dir='ltr'><strong>trum</strong></span> <span class='ocrx_word' id='word_1_210' title='bbox 706 4050 812 4113; x_wconf 90' lang='lat' dir='ltr'><strong>subire</strong></span> <span class='ocrx_word' id='word_1_211' title='bbox 820 4049 992 4133; x_wconf 89' lang='lat' dir='ltr'><strong>judicium,</strong></span> <span class='ocrx_word' id='word_1_212' title='bbox 1001 4054 1107 4137; x_wconf 86' lang='lat' dir='ltr'><strong>etjam</strong></span> <span class='ocrx_word' id='word_1_213' title='bbox 1118 4053 1178 4117; x_wconf 92' lang='lat' dir='ltr'><strong>sub</strong></span> <span class='ocrx_word' id='word_1_214' title='bbox 1187 4054 1245 4116; x_wconf 89' lang='lat' dir='ltr'><strong>bac</strong></span> <span class='ocrx_word' id='word_1_215' title='bbox 1257 4052 1436 4116; x_wconf 89' lang='lat' dir='ltr'><strong>conditione</strong></span> <span class='ocrx_word' id='word_1_216' title='bbox 1446 4073 1562 4137; x_wconf 72' lang='lat' dir='ltr'><strong>reuun7</strong></span> 
     </span>
     <span class='ocr_line' id='line_1_31' title="bbox 608 4145 1561 4237; baseline 0.008 -29"><span class='ocrx_word' id='word_1_217' title='bbox 608 4145 698 4210; x_wconf 87' lang='lat' dir='ltr'><strong>tiavit</strong></span> <span class='ocrx_word' id='word_1_218' title='bbox 711 4147 918 4231; x_wconf 85' lang='lat' dir='ltr'><strong>appellationi</strong></span> <span class='ocrx_word' id='word_1_219' title='bbox 934 4163 965 4215; x_wconf 91' lang='lat' dir='ltr'><strong>et</strong></span> <span class='ocrx_word' id='word_1_220' title='bbox 981 4151 1073 4215; x_wconf 85' lang='lat' dir='ltr'><strong>factae</strong></span> <span class='ocrx_word' id='word_1_221' title='bbox 1084 4168 1115 4216; x_wconf 89' lang='lat' dir='ltr'><strong>et</strong></span> <span class='ocrx_word' id='word_1_222' title='bbox 1131 4154 1294 4218; x_wconf 83' lang='lat' dir='ltr'><strong>faciendae.</strong></span> <span class='ocrx_word' id='word_1_223' title='bbox 1324 4153 1402 4217; x_wconf 93' lang='lat' dir='ltr'><strong>lnde</strong></span> <span class='ocrx_word' id='word_1_224' title='bbox 1413 4165 1460 4216; x_wconf 92' lang='lat' dir='ltr'><strong>est</strong></span> <span class='ocrx_word' id='word_1_225' title='bbox 1473 4153 1561 4237; x_wconf 92' lang='lat' dir='ltr'><strong>quod</strong></span> 
     </span>
     <span class='ocr_line' id='line_1_32' title="bbox 607 4245 1563 4340; baseline 0.007 -30"><span class='ocrx_word' id='word_1_226' title='bbox 607 4247 708 4324; x_wconf 89' lang='lat' dir='ltr'><strong>vobis,</strong></span> <span class='ocrx_word' id='word_1_227' title='bbox 730 4248 756 4310; x_wconf 89' lang='lat' dir='ltr'><strong>si</strong></span> <span class='ocrx_word' id='word_1_228' title='bbox 780 4245 992 4313; x_wconf 89' lang='lat' dir='ltr'><strong>conditionem</strong></span> <span class='ocrx_word' id='word_1_229' title='bbox 1020 4252 1099 4314; x_wconf 90' lang='lat' dir='ltr'><strong>banc</strong></span> <span class='ocrx_word' id='word_1_230' title='bbox 1126 4256 1328 4331; x_wconf 86' lang='lat' dir='ltr'><strong>admiseritis,</strong></span> <span class='ocrx_word' id='word_1_231' title='bbox 1351 4254 1436 4319; x_wconf 91' lang='lat' dir='ltr'><strong>diem</strong></span> <span class='ocrx_word' id='word_1_232' title='bbox 1457 4254 1563 4340; x_wconf 86' lang='lat' dir='ltr'><strong>praefi-</strong></span> 
     </span>
     <span class='ocr_line' id='line_1_33' title="bbox 608 4346 1566 4435; baseline 0.005 -20"><span class='ocrx_word' id='word_1_233' title='bbox 608 4351 711 4435; x_wconf 72' lang='lat' dir='ltr'><strong>girum</strong></span> <span class='ocrx_word' id='word_1_234' title='bbox 732 4346 943 4424; x_wconf 90' lang='lat' dir='ltr'><strong>Dominicam,</strong></span> <span class='ocrx_word' id='word_1_235' title='bbox 962 4373 1028 4434; x_wconf 90' lang='lat' dir='ltr'><strong>qua</strong></span> <span class='ocrx_word' id='word_1_236' title='bbox 1047 4355 1241 4432; x_wconf 89' lang='lat' dir='ltr'><strong>cantabitur,</strong></span> <span class='ocrx_word' id='word_1_237' title='bbox 1257 4360 1484 4421; x_wconf 81' lang='lat' dir='ltr'><strong>Misericordia</strong></span> <span class='ocrx_word' id='word_1_238' title='bbox 1498 4358 1566 4420; x_wconf 90' lang='lat' dir='ltr'><strong>Do-</strong></span> 
     </span>
     <span class='ocr_line' id='line_1_34' title="bbox 605 4453 1565 4541; baseline 0.008 -28"><span class='ocrx_word' id='word_1_239' title='bbox 605 4454 707 4516; x_wconf 79' lang='lat' dir='ltr'><strong>mini:</strong></span> <span class='ocrx_word' id='word_1_240' title='bbox 741 4464 773 4515; x_wconf 91' lang='lat' dir='ltr'><strong>et</strong></span> <span class='ocrx_word' id='word_1_241' title='bbox 801 4461 878 4512; x_wconf 90' lang='lat' dir='ltr'><strong>tunc</strong></span> <span class='ocrx_word' id='word_1_242' title='bbox 904 4464 1034 4515; x_wconf 87' lang='lat' dir='ltr'><strong>auctore</strong></span> <span class='ocrx_word' id='word_1_243' title='bbox 1061 4453 1210 4531; x_wconf 90' lang='lat' dir='ltr'><strong>Domino,</strong></span> <span class='ocrx_word' id='word_1_244' title='bbox 1238 4457 1327 4541; x_wconf 93' lang='lat' dir='ltr'><strong>quod</strong></span> <span class='ocrx_word' id='word_1_245' title='bbox 1355 4460 1387 4520; x_wconf 91' lang='lat' dir='ltr'><strong>in</strong></span> <span class='ocrx_word' id='word_1_246' title='bbox 1414 4458 1565 4522; x_wconf 89' lang='lat' dir='ltr'><strong>abbatem</strong></span> 
     </span>
    </p>
   </div>
   <div class='ocr_carea' id='block_1_6' title="bbox 0 0 1942 5725">
    <p class='ocr_par' dir='ltr' id='par_1_6' title="bbox 0 0 1942 5725">
     <span class='ocr_line' id='line_1_35' title="bbox 0 0 1942 5725; baseline 0 12"><span class='ocrx_word' id='word_1_247' title='bbox 0 0 1942 5725; x_wconf 95' lang='lat' dir='ltr'><strong> </strong></span> 
     </span>
    </p>
   </div>
  </div>
 </body>
</html>
