3875 5725
550 843 609 903 132
811 861 948 906 sorums
964 861 1243 908 srusssunmssrs
1403 847 1448 925 [n.
1465 866 1496 909 n.

547 1009 674 1074 bentes:
701 1014 872 1075 Mommnr
887 1021 917 1076 et
933 1017 1082 1096 temporis
1099 1016 1315 1079 diuturnitate
1329 1037 1391 1096 quo
1406 1019 1497 1096 igno·

544 1109 654 1171 rontio
669 1113 762 1191 juris
788 1114 824 1175 in
848 1117 1052 1178 matrimonio
1077 1119 1233 1178 avuncuti
1258 1119 1309 1178 tui
1321 1120 1440 1199 fuisti,
1467 1124 1498 1179 et

544 1213 628 1292 quod
647 1214 686 1274 oi
706 1220 780 1278 uuio
801 1223 860 1279 tun
880 1219 1034 1280 collocato
1049 1238 1093 1291 es,
1113 1225 1144 1279 et
1163 1238 1296 1280 numero
1315 1220 1496 1282 liberorum.

543 1313 729 1396 Idcircoque
750 1339 847 1398 quum
871 1322 937 1381 trec
958 1321 1065 1381 omnin
1095 1322 1133 1381 in
1158 1340 1261 1381 unum
1287 1331 1497 1394 concurrant,

544 1415 769 1496 confirmamus
787 1427 909 1481 stoturn
930 1421 1100 1482 liberorum
1121 1427 1297 1484 uestrorum
1320 1425 1356 1484 in
1376 1444 1411 1484 co
1433 1444 1499 1483 rnn-

544 1523 697 1582 trirnonio
711 1527 923 1602 quesitorem,
940 1523 1024 1604 qnod
1037 1532 1116 1584 unte
1130 1542 1234 1584 annos
1247 1526 1283 1584 ul
1297 1531 1497 1587 contractum

543 1627 600 1695 est,
621 1626 758 1703 perinde
780 1645 819 1685 oc
839 1627 867 1686 si
887 1625 1026 1706 legitime
1047 1626 1188 1704 concepti
1208 1632 1319 1687 essent.
1368 1625 1400 1686 Si
1421 1645 1497 1709 ergo

545 1733 634 1786 tanta
649 1737 696 1788 est
717 1725 883 1788 clementia
903 1724 1102 1788 saecularium
1122 1723 1315 1810 principum,
1333 1739 1366 1790 ut
1389 1727 1497 1789 favore

544 1823 727 1904 liberorum,
748 1827 842 1891 ctiam
866 1827 1001 1891 incestui
1025 1838 1166 1909 parcant,
1191 1849 1336 1912 quaenam
1359 1828 1419 1892 erit
1441 1851 1497 1891 au·

542 1924 634 1990 dacia
650 1927 902 1992 Christianorum
920 1927 1116 2011 pontificum,
1131 1940 1167 1991 ut
1183 1950 1245 1998 eos,
1263 1950 1344 2013 quus
1359 1929 1497 1991 ecclesiae

545 2026 633 2092 sinus
660 2028 800 2114 legitime
826 2041 995 2113 conceptos
1021 2028 1133 2103 edidit,
1161 2028 1304 2092 inaudita
1330 2030 1497 2093 severitate

542 2131 774 2195 condemnent?
813 2135 920 2204 Quum
952 2131 1062 2214 itaque
1089 2129 1156 2192 haec
1183 2130 1256 2193 hinc
1282 2131 1355 2194 inde
1382 2154 1498 2217 propo·

543 2244 706 2307 necentur,
732 2243 764 2294 et
794 2231 834 2294 ad
864 2230 1067 2314 probationes
1094 2230 1233 2315 partium
1264 2231 1495 2316 producendas,

542 2331 669 2395 tandem
697 2331 763 2394 fere
787 2332 819 2394 in
851 2331 911 2394 fine
939 2331 1067 2412 biennii,
1095 2332 1161 2395 dies
1190 2333 1422 2417 peremptorius
1452 2334 1497 2396 eis

542 2435 695 2519 praefixus
724 2447 816 2509 esset,
847 2446 919 2520 post
958 2433 1139 2510 dilationes,
1170 2457 1250 2519 quas
1278 2447 1385 2520 partes
1414 2458 1496 2498 eme-

542 2549 682 2611 ruerant,
706 2558 760 2599 rea
786 2550 890 2600 tamen
920 2536 1132 2622 frequentius,
1154 2549 1267 2621 utpote
1296 2558 1374 2621 quae,
1399 2536 1497 2600 inter·

545 2637 689 2700 veniente
705 2636 873 2722 puerperio
889 2635 989 2698 aliave
1004 2635 1199 2712 infirmitate,
1214 2647 1269 2699 aut
1285 2659 1323 2699 ex
1340 2637 1443 2720 justa,
1460 2649 1497 2700 ut

543 2738 846 2819 ducebatur,mariti
863 2738 1005 2802 absentia
1021 2761 1053 2801 se
1065 2738 1250 2815 excusabat,
1266 2752 1297 2802 et
1312 2738 1381 2824 ipsa
1395 2739 1498 2802 missis

542 2843 791 2920 excusatoribus,
816 2865 904 2906 suam
929 2842 970 2906 ab
994 2840 1178 2906 infirmitate
1203 2841 1376 2907 absentiam
1403 2866 1497 2908 excu-

542 2958 635 3023 saret,
662 2945 822 3011 Ricardus
852 2944 892 3007 ad
923 2959 1060 3008 vestram
1091 2943 1285 3008 audientiam
1312 2945 1495 3030 appellavit,

543 3048 711 3132 praefigens
733 3048 932 3110 Dominicam
954 3069 1021 3132 qua
1040 3047 1233 3123 cantabitur,
1255 3048 1382 3111 Letoce
1400 3050 1497 3111 dern-

542 3152 650 3223 sulern,
665 3153 696 3212 in
718 3173 755 3211 eo
777 3172 809 3211 se
829 3161 998 3233 gravatum
1018 3170 1159 3211 asserens
1182 3148 1269 3234 quod
1290 3148 1496 3213 dilationibus

538 3250 607 3334 jam
623 3249 688 3312 fere
704 3249 831 3311 biennio
848 3262 981 3312 vexatus
1005 3261 1084 3324 erat,
1101 3261 1132 3311 et
1149 3249 1408 3332 tergiversatione
1429 3273 1496 3314 mu·

542 3349 626 3413 lieris
641 3348 771 3412 delusus
786 3371 824 3411 ne
835 3349 995 3434 justitiam
1012 3349 1161 3432 consequi
1179 3362 1293 3433 posset.

589 3580 806 3645 EPISTOLA
833 3580 992 3643 XC.-nn
1015 3597 1305 3642 sanrnorommun
1328 3597 1447 3641 sacm-

810 3700 984 3746 nnconum
1000 3699 1229 3744 uxoumssrrm.

543 3820 705 3902 Mopistro
716 3819 756 3881 B.
775 3818 999 3881 archidiacono
1013 3816 1204 3896 Euoniensi,
1215 3817 1365 3881 Salutem
1380 3824 1411 3879 et
1418 3838 1496 3899 pra-

597 3925 677 3983 tinm
693 3923 851 4003 Spiritus,
868 3923 923 4002 qui
939 3921 983 3981 ud
997 3920 1112 3981 bonurn
1129 3921 1280 3982 universo
1295 3920 1444 4000 disponit.

588 4055 750 4117 Donamus
770 4066 873 4117 tecum
899 4050 949 4130 sit,
973 4050 1177 4115 dilectissime
1199 4053 1388 4131 amicorum,
1410 4065 1442 4116 et
1467 4065 1497 4115 te

542 4153 573 4215 in
591 4151 751 4216 soliditate
768 4154 924 4217 virtutum
947 4151 1100 4227 stabiliat,
1117 4164 1152 4215 ut
1175 4174 1377 4236 nequaquam
1402 4177 1498 4218 arun-

543 4253 637 4319 dinea
651 4253 834 4316 infirmitate
849 4254 1016 4336 frangaris,
1033 4273 1090 4313 nec
1111 4274 1235 4314 omnem
1259 4252 1401 4338 ejusdem
1419 4253 1495 4317 levi·

544 4370 610 4420 tate
624 4353 752 4439 agiteris
769 4354 809 4418 ad
832 4375 951 4417 aurem.
1000 4350 1118 4430 Fortis,
1133 4365 1164 4417 et
1189 4367 1364 4439 potensest
1384 4356 1495 4420 Domi-

544 4479 604 4524 nus
629 4457 837 4533 exercituum,
862 4454 1010 4540 idemque
1038 4454 1178 4518 suaviter
1208 4455 1348 4542 disponit
1377 4457 1493 4535 omnia,
