3875 5725
494 878 601 957 lton]
885 897 1063 940 1111310111.
1381 883 1441 940 171

489 1068 557 1109 sum
583 1047 645 1110 illis
669 1043 812 1132 quotidie
836 1044 913 1109 velit
938 1043 1077 1126 irrogare
1101 1045 1135 1108 in
1159 1044 1277 1109 cibum.
1325 1045 1441 1108 Nonne

487 1147 668 1212 doctoribus
698 1144 976 1230 improperabitur,
1007 1145 1083 1231 quia
1120 1145 1243 1230 parvuli
1280 1144 1443 1230 petierunt

489 1272 617 1334 panem,
633 1258 667 1312 et
681 1270 745 1311 non
762 1247 823 1310 fuit
838 1252 893 1332 qui
907 1245 1069 1330 frangeret
1084 1245 1170 1310 illis?

512 1536 735 1633 EPISTOLA
758 1568 980 1629 CLXX-An
997 1584 1251 1628 ereaturarum
1267 1583 1419 1627 1111011111

677 1685 842 1729 1111111111
859 1686 885 1727 3.
902 1685 1012 1728 earm.
1041 1666 1129 1744 [111.
1150 1665 1257 1742 troo]

566 1779 569 1785 ·
597 1825 794 1907 Enpelbcrto
809 1826 923 1887 Priori
938 1826 977 1887 de
1001 1827 1089 1888 Valle
1104 1828 1222 1889 Sancti
1237 1828 1338 1889 Petri.

533 1962 663 2023 RERUM
678 1960 792 2023 subitae
812 1960 1006 2022 mutationes
1026 1962 1129 2022 solent
1144 1964 1255 2024 afferre
1271 1962 1454 2038 molestiae

491 2074 521 2126 et
539 2064 594 2147 qui
610 2064 747 2125 honores
768 2063 957 2136 ambierant,
974 2062 1049 2123 dnm
1070 2063 1118 2126 eis
1138 2065 1333 2128 cohaerentia
1348 2064 1442 2127 susti·

491 2177 567 2227 nent
594 2186 701 2241 onera,
724 2166 913 2247 plerumque
940 2165 1103 2238 fatiscunt,
1128 2174 1161 2228 ct
1186 2166 1297 2228 dolent
1320 2187 1354 2228 se
1375 2165 1442 2228 voti

491 2276 658 2349 compotes
674 2266 829 2328 extitisse.
875 2267 978 2328 Recte
999 2267 1147 2348 quidem:
1173 2268 1200 2329 si
1215 2269 1299 2330 enim
1315 2267 1442 2348 reprobi

489 2367 563 2443 sint,
587 2366 774 2448 iniquitates
798 2387 906 2427 eorum
926 2366 1017 2449 justa
1039 2389 1138 2448 poena
1163 2369 1379 2452 persequitur:
1414 2367 1442 2430 si

489 2467 691 2550 praeordinati
709 2468 750 2530 ad
766 2468 875 2545 ritant,
891 2480 1058 2551 conceptae
1074 2464 1257 2532 ambitionis
1272 2489 1440 2532 excessum

490 2571 648 2633 consumit
662 2570 717 2649 pia
732 2571 899 2650 correptio,
915 2580 947 2630 et
961 2572 1147 2632 exercitatio
1163 2573 1322 2634 laboriosa
1337 2572 1442 2634 cohae-

489 2681 595 2732 rentes
619 2670 795 2729 honoribus
818 2680 872 2730 aut
894 2670 1064 2748 extinguit,
1087 2681 1142 2732 aut
1163 2673 1305 2752 reprimit
1327 2674 1441 2752 volup·

489 2781 581 2832 tates.
628 2771 676 2830 Te
700 2790 829 2850 quoque
853 2770 944 2830 sacile
968 2771 1158 2832 crediderim
1179 2773 1220 2833 de
1242 2784 1305 2833 tam
1329 2773 1443 2833 subitis

489 2871 720 2933 mutationibus
747 2871 871 2951 aliquas
897 2871 1085 2951 concepisse
1110 2873 1290 2934 molestias:
1322 2872 1378 2933 sed
1401 2892 1441 2933 ex

491 2973 570 3048 aliis,
586 2984 618 3033 et
639 2974 735 3051 longe
759 2970 901 3041 dirersiS,
924 2982 955 3031 et
974 2972 1039 3033 fere
1060 2972 1303 3035 adversantibus
1327 2973 1440 3035 causis.

435 3107 437 3111 >
490 3074 570 3145 Quis
590 3074 674 3134 euim
697 3072 876 3152 suspicetur
899 3083 928 3133 te
950 3073 1087 3154 alicujus
1110 3074 1294 3137 ambitionis
1315 3075 1442 3137 stimulo

490 3159 668 3249 incitatum,
699 3185 734 3234 ut
762 3174 899 3235 honores
930 3187 1108 3255 appeteres
1135 3186 1169 3236 ut
1199 3176 1444 3257 concupisceres

490 3276 638 3337 mollitias
670 3276 880 3355 voluptatum,
909 3284 945 3336 ut
983 3274 1137 3356 opinione
1173 3276 1302 3357 plebeia
1332 3287 1443 3337 ventos

490 3376 667 3459 sequereris
683 3376 716 3436 in
732 3376 815 3436 fastu
831 3374 1017 3437 mundano?
1055 3378 1138 3437 Nam
1156 3376 1225 3438 haec¹
1242 3376 1350 3438 omnia
1365 3398 1442 3439 con-

492 3475 651 3558 tempsisti
675 3485 709 3537 111
733 3484 933 3553 stercorant
953 3476 1054 3536 solum
1071 3476 1253 3540 lucrifacias
1270 3478 1444 3553 Christum,

491 3577 547 3660 qui
577 3576 637 3638 tibi
666 3598 731 3637 non
762 3575 1003 3638 momentaneos
1032 3588 1064 3638 et
1092 3578 1266 3641 inhonoros
1296 3580 1444 3655 honores,

492 3700 573 3762 quos
608 3679 755 3760 preciosa
790 3689 977 3760 paupertate
1012 3680 1154 3755 mutasti,
1183 3682 1348 3755 restituet3
1386 3680 1443 3742 sed
1468 3748 1471 3752 ,

490 3792 625 3842 aeternos
645 3781 678 3840 in
700 3779 804 3851 coelis,
821 3781 876 3860 qni
899 3779 1126 3860 imperatorum
1142 3802 1313 3861 purpuram
1329 3780 1443 3861 majes-

490 3891 555 3943 tate
569 3880 814 3961 incomparabili
831 3880 1033 3941 antecedant.
1080 3879 1163 3941 Illuc
1176 3882 1322 3962 voluptas
1337 3882 1443 3944 mollis

492 3994 524 4043 et
539 3984 732 4045 effaeminata
745 3981 819 4041 ’11011
841 3980 977 4041 habebit
997 4000 1174 4057 accessum,
1190 3981 1246 4043 ubi
1269 4003 1394 4045 carnem
1409 3984 1444 4046 in

493 4083 622 4144 veritate
660 4094 780 4144 naturae
811 4091 1048 4163 permanentem
1088 4082 1260 4163 spiritualis
1296 4082 1445 4166 implebit

492 4181 591 4262 vigor,
607 4193 639 4244 et
659 4183 814 4246 exultatio
836 4183 981 4263 angelica
1003 4184 1223 4265 permulcebit.
1268 4185 1320 4247 Ibi
1339 4186 1444 4250 laudis

493 4295 556 4343 tnae
568 4284 738 4363 praeconia,
748 4305 813 4345 non
830 4284 869 4347 de
885 4282 1101 4347 falsidicorum
1111 4284 1298 4366 pendebunt
1306 4288 1445 4365 arbitrio,

495 4383 552 4445 sed
577 4384 845 4463 magnificentiam
871 4387 1021 4449 virtutum
1053 4397 1175 4450 tuarum
1206 4390 1307 4452 sancti
1337 4391 1443 4469 angeli
1473 4428 1479 4439 .

495 4484 727 4547 incessabiliter
742 4483 972 4565 praedicabunt.
