3875 5725
484 857 525 918 22
748 868 885 914 loannis
900 862 1179 914 sasssasnmnsm
1344 852 1392 933 [s.
1413 872 1448 919 n.

485 1043 636 1108 soporum
649 1017 927 1095 consilio,domino
934 1016 1146 1084 wintoniensi
1157 1018 1306 1084 dedimus
1315 1022 1348 1085 in
1359 1043 1451 1087 man-

486 1122 580 1202 datis,
595 1144 635 1184 ne
649 1120 820 1208 praefatum
837 1119 1017 1184 Jordanrlm
1034 1142 1132 1206 super
1146 1120 1261 1185 scholis
1276 1136 1446 1208 pateretur

484 1247 504 1288 a
519 1224 644 1288 Joanne
661 1221 795 1286 ulterius
809 1221 956 1306 fatigari:
981 1234 1013 1288 ct
1029 1221 1055 1286 si
1070 1244 1141 1286 eum
1159 1222 1315 1288 inveniret
1331 1238 1447 1291 restrae

485 1338 517 1391 et
539 1337 658 1389 nostroe
680 1322 879 1387 auctoritatis
900 1333 1160 1408 contemptorem,
1183 1324 1289 1410 ipsum
1313 1325 1445 1410 publice

486 1426 687 1491 denuntiaret
702 1424 911 1489 anathematis
924 1425 1049 1491 vinculo
1064 1424 1262 1489 innodatum.
1297 1428 1446 1491 Postmo-

486 1528 563 1594 dum
577 1548 651 1592 vero
667 1526 782 1613 elapsls
797 1525 906 1613 paucis
917 1526 1031 1592 diebus
1045 1527 1078 1591 ln
1091 1539 1229 1592 nostram
1241 1530 1444 1615 praesentiam

485 1627 660 1707 redierunt,
669 1624 814 1692 Jordano
823 1638 959 1691 veterem
971 1626 1132 1713 querelam
1142 1627 1321 1693 innovante.
1347 1630 1444 1694 Dice·

486 1731 541 1796 bat
556 1732 639 1796 enim
652 1731 808 1795 Joannem
822 1738 893 1816 post
907 1727 1112 1793 interdictum
1126 1749 1296 1816 usurpasse
1307 1731 1442 1809 scholas,

489 1845 520 1899 et
536 1833 568 1897 in
584 1833 770 1898 sententiam
787 1829 997 1896 anathematis
1013 1828 1171 1896 incidisse.
1214 1836 1353 1897 Joannes
1366 1847 1443 1897 vero

486 1933 546 1999 hoc
566 1933 816 1999 constantissime
831 1932 991 1996 inficiatus
1011 1943 1071 2010 est,
1087 1942 1219 2017 paratus
1233 1933 1443 2000 incontinenti

445 2050 448 2057 ’
486 2035 579 2100 tactis
594 2032 799 2097 sacrosanctis
818 2032 991 2117 evangeliis
1001 2034 1123 2118 jurare,
1139 2032 1227 2120 quod
1247 2046 1322 2121 post
1337 2036 1445 2122 prohla

486 2135 639 2200 bitlonem
664 2147 802 2199 nostram
825 2135 1043 2221 amagisterio
1065 2137 1241 2203 destiterat.
1286 2139 1317 2203 E
1332 2152 1445 2206 contra

388 2271 391 2277 ·
487 2236 652 2302 Jordanus
674 2259 707 2301 se
729 2236 781 2300 die
803 2237 936 2323 praelixa
958 2238 1168 2326 probaturum
1190 2239 1330 2318 dicebat,
1346 2259 1446 2306 asser-

489 2342 574 2407 tione
589 2340 804 2426 legitimotum
820 2341 962 2417 testium,
981 2341 1068 2427 quod
1085 2355 1156 2428 post
1172 2342 1311 2407 edictum
1327 2340 1444 2428 magis·

487 2447 604 2508 terium
627 2455 823 2523 exercuerat,
846 2441 899 2507 sed
922 2444 1060 2510 loannes
1085 2444 1169 2508 diem
1193 2443 1331 2531 recipere
1352 2464 1444 2512 recu-¹

489 2547 580 2622 tavit,
595 2546 703 2610 dicens
719 2567 751 2610 se
765 2546 832 2633 jam
850 2546 881 2609 in
897 2545 1061 2632 procinctu
1081 2545 1215 2611 Romani
1231 2545 1353 2611 itineris
1367 2567 1445 2628 esse,

489 2670 546 2714 vos
561 2660 680 2725 autem,
690 2662 820 2712 auctore
837 2649 988 2723 Domino,
1001 2645 1111 2732 litigiis
1119 2664 1229 2712 eorum
1245 2648 1338 2714 linem
1354 2648 1445 2714 debl-

402 2756 406 2764 '
483 2761 559 2832 ¹tum
575 2749 754 2836 imponetis.

679 3065 902 3147 EPISTULA
925 3070 1088 3134 XX.·-sn
1105 3074 1257 3134 nonnum.

836 3204 984 3272 Adriano
999 3206 1111 3288 Papae.

546 3344 590 3405 In
619 3362 714 3405 causa
744 3359 819 3426 quae
845 3338 980 3405 vertitur
1010 3339 1093 3403 inter
1117 3339 1317 3405 Willelmatn
1342 3334 1442 3406 flliunt

492 3434 673 3520 Godefridi,
709 3455 741 3507 et
762 3432 978 3517 'Willelmum
1016 3443 1268 3508 Lichefeldensis
1304 3444 1443 3509 ecclesiae

491 3547 689 3621 canonicum,
705 3564 799 3631 super
820 3539 949 3609 eeclesia
971 3543 1011 3607 de
1033 3544 1166 3625 salawa,
1181 3564 1275 3631 quam
1296 3545 1446 3611 sanctitas

491 3664 597 3716 vestra
611 3647 782 3713 venerabili
798 3647 890 3712 fratri
911 3660 1022 3719 nostro
1045 3646 1201 3711 Ganterio
1217 3644 1446 3711 conventrensi

490 3754 638 3841 episcopo
649 3748 819 3833 delegavit,
836 3748 876 3813 ad
889 3761 1028 3812 nostram
1041 3746 1235 3817 audientiam
1248 3748 1443 3836 appellatum

490 3868 551 3937 est,
565 3880 603 3920 eo
619 3854 703 3942 quod
721 3849 905 3917 Willelmus
926 3850 1013 3914 filius
1028 3850 1071 3915 G.
1085 3850 1205 3915 curiam
1221 3851 1360 3938 episcopi
1377 3871 1445 3916 sus·

489 3966 616 4039 pectum
639 3956 771 4020 haberet
794 3968 831 4019 ut
854 3953 981 4019 dicebat
1003 3956 1152 4038 episcopo
1173 3966 1243 4017 tum
1265 3952 1293 4016 ei
1315 3970 1442 4018 omnem

486 4057 582 4140 juxta
593 4055 778 4118 mandatum
788 4069 929 4120 vestrum
941 4054 1102 4141 justitiam
1113 4055 1309 4121 offerentem.
1331 4057 1441 4138 Quum

489 4175 567 4239 ergo
591 4153 767 4239 jamdictus
795 4154 977 4219 Willelmus
1005 4154 1170 4219 resistente
1199 4154 1380 4220 adversario
1408 4155 1443 4219 in

490 4256 660 4345 praesentia
685 4266 794 4317 nostra
820 4277 909 4319 suam
936 4267 1128 4342 proponeret
1148 4259 1317 4333 actionem,
1338 4256 1441 4320 eidem

490 4357 675 4424 Willelmus
692 4355 955 4421 lichesfeldensis
969 4358 1030 4421 fori
1052 4360 1324 4446 praescriptionem
1345 4379 1444 4445 oppos

491 4462 565 4537 suit,
577 4456 821 4546 appellationem
838 4458 879 4523 ad
895 4480 952 4523 nos
963 4461 1080 4525 factam
1093 4482 1234 4525 asserens
1248 4482 1310 4525 non
1327 4474 1447 4539 tenere,
