3875 5725
617 842 680 900 290
875 852 1013 897 ioannis
1029 852 1306 897 sanusnuuruusrs
1477 836 1521 915 [A.
1540 858 1572 900 u.

612 1019 645 1070 et
674 1005 806 1070 exilium
838 1007 1041 1079 sustinemus,
1073 1007 1150 1068 certi
1190 1006 1343 1089 quoniam
1382 1005 1489 1069 fidelis
1519 1019 1569 1071 est

612 1109 782 1184 Dominus,
799 1109 936 1191 quinon
953 1107 1068 1170 tentari
1083 1127 1143 1168 nos
1159 1106 1297 1188 patietur
1311 1128 1407 1189 supra
1423 1107 1456 1169 id
1480 1111 1570 1191 quod

610 1232 791 1292 possumus,
807 1210 864 1273 sed
887 1211 927 1273 de
942 1211 1014 1293 ipsa
1030 1209 1203 1271 tentatione
1218 1207 1393 1289 profectum
1410 1212 1521 1273 salutis
1538 1224 1570 1274 et

610 1323 766 1374 anteactae
792 1312 863 1373 vitae
885 1312 1072 1395 purgatione
1095 1310 1209 1372 eliciet.
1255 1309 1306 1371 Dc
1329 1332 1380 1372 me
1402 1313 1515 1394 loquor
1537 1324 1571 1378 et

528 1472 531 1477 .
610 1413 801 1500 quibusdam
827 1415 907 1491 aliis,
923 1434 1005 1498 quos
1029 1412 1097 1475 scio
1117 1412 1151 1473 in
1176 1411 1237 1473 hac
1261 1411 1466 1476 tribulatione
1490 1437 1568 1476 cou-

610 1515 768 1594 gratulari,
785 1526 820 1575 ut
843 1517 953 1576 crebro
977 1513 1181 1590 meditentur,
1198 1524 1230 1575 et
1245 1512 1353 1575 dicant
1371 1513 1418 1575 ei:
1442 1515 1568 1578 Secun-

609 1615 687 1675 dum
703 1614 943 1677 multitudinem
957 1615 1099 1676 dolorum
1116 1633 1254 1674 meorum
1270 1615 1306 1674 in
1318 1614 1410 1675 corde
1421 1635 1497 1689 meo,
1511 1618 1568 1691 dfe,

608 1715 750 1777 Patimur
773 1717 858 1778 enirn
883 1737 941 1798 per
967 1716 1098 1796 gratiam
1125 1711 1199 1791 Dei,
1215 1736 1277 1776 nou
1297 1725 1330 1776 ut
1353 1713 1486 1778 adulteri
1511 1729 1568 1778 aut

609 1815 793 1892 lromicidae,
808 1837 875 1878 non
891 1826 926 1877 ut
940 1813 1129 1877 incendiarii
1154 1824 1209 1877 aut
1231 1816 1389 1896 sacrilegi,
1405 1815 1461 1878 sed
1477 1819 1565 1879 relut

609 1916 795 1982 Christiani.
842 1919 939 1980 Hanc
967 1916 1064 1977 fidem
1090 1927 1229 1978 nostram
1255 1917 1411 1980 insaniam
1436 1931 1563 2002 reputat

608 2019 756 2096 muudus,
772 2032 804 2081 et
819 2019 1032 2082 constantiam
1048 2016 1124 2079 fidei
1146 2018 1355 2100 pertinaciam
1372 2032 1476 2098 vocat,
1491 2043 1566 2103 pro-

609 2121 779 2184 fessionem
794 2120 934 2182 veritatis
950 2129 983 2181 et
997 2133 1073 2182 nota
1088 2129 1120 2181 et
1141 2120 1271 2182 nomine
1286 2121 1434 2184 vanitatis
1456 2122 1565 2199 inurit,

609 2221 731 2283 cultum
747 2217 910 2300 religionis
935 2219 1151 2301 appellatione
1175 2219 1354 2302 hypocrisis
1379 2231 1432 2283 aut
1456 2242 1566 2304 super·

608 2321 756 2398 stitionis,
777 2331 832 2382 aut
855 2319 984 2382 alterius
1010 2321 1158 2382 falsitatis
1182 2320 1392 2385 debonestare
1419 2336 1563 2398 conatur,

608 2421 665 2485 sed
681 2423 832 2504 princeps
848 2422 1074 2502 Apostolorum
1090 2423 1180 2484 aliter
1202 2423 1299 2485 sentit
1315 2432 1347 2486 et
1370 2425 1563 2487 contrarium

607 2525 718 2588 docet:
742 2524 830 2586 Haec
844 2529 891 2585 est
904 2523 1000 2598 enim,
1019 2534 1053 2584 ut
1067 2523 1122 2599 ait,
1136 2525 1249 2602 qratia
1265 2525 1357 2604 apud
1371 2527 1562 2601 Dominum,

607 2629 684 2709 quio
700 2629 734 2689 in
758 2627 815 2688 boc
834 2626 936 2687 vocati
958 2627 1033 2687 estis
1054 2648 1075 2687 a
1101 2625 1236 2697 Christe,
1254 2634 1289 2687 ut
1309 2629 1491 2707 sequarnim'
1512 2649 1563 2698 oe-

606 2728 703 2807 stipiu
726 2728 804 2806 ejus.
850 2727 917 2792 Sed
938 2732 980 2805 et,
994 2727 1023 2787 si
1044 2726 1122 2806 quid
1140 2728 1296 2806 patimini
1312 2734 1444 2808 propter
1459 2729 1562 2807 justi·

606 2834 698 2906 tiam,
716 2829 799 2893 beuti
813 2829 913 2892 eritis.
958 2827 1081 2906 Aderit,
1098 2828 1214 2892 dilecte
1234 2829 1289 2902 mi,
1305 2829 1337 2891 in
1354 2830 1444 2893 brevi
1459 2830 1561 2897 aderit

605 2937 723 2998 arbiter
738 2932 1002 2996 conscientiarum
1019 2943 1050 2993 et
1065 2931 1178 3013 judex,
1194 2931 1310 3015 cuique
1326 2931 1507 2995 redditurus
1525 2945 1560 2995 ut

603 3038 729 3109 meruit,
759 3048 791 3097 et
813 3045 888 3097 tunc
919 3034 1022 3116 palam
1046 3034 1112 3105 fiet,
1137 3032 1289 3117 quicquid
1312 3033 1408 3096 modo
1438 3036 1557 3115 garriat

605 3139 754 3213 mundus,
770 3157 833 3219 qua
848 3145 953 3198 mente
969 3134 1106 3216 quisquo
1124 3134 1246 3195 vixerit.
1292 3133 1424 3196 interim
1448 3157 1557 3217 quaeso

605 3241 679 3313 tuis
706 3248 737 3299 ct
764 3246 944 3299 sanctorum
976 3255 1056 3316 quos
1082 3236 1176 3311 nosti,
1202 3256 1252 3297 me
1279 3235 1379 3299 facias
1408 3239 1559 3320 precibus

605 3337 759 3421 adjurari,
769 3345 814 3410 ut,
826 3337 853 3397 si
862 3338 893 3398 in
904 3336 991 3396 invio
1003 3356 1083 3410 sum,
1097 3335 1184 3417 quod
1196 3358 1259 3399 uon
1272 3337 1378 3416 credo,
1389 3361 1439 3401 me
1451 3339 1558 3401 Chris-

605 3449 654 3502 tus
670 3438 721 3499 via
736 3438 894 3521 justornm
911 3436 1043 3498 reducat
1057 3436 1098 3498 ad
1122 3439 1283 3501 semitam:
1312 3441 1337 3502 si
1362 3441 1393 3502 in
1410 3442 1461 3503 via
1476 3461 1559 3517 sum,

603 3561 655 3603 me
677 3560 735 3622 per
759 3558 909 3621 prospera
933 3536 983 3597 rel
1007 3536 1148 3614 adversa,
1172 3550 1208 3600 ut
1232 3541 1292 3602 sibi
1320 3542 1556 3625 beneplacitum

604 3643 709 3719 fuerit,
725 3641 880 3724 perducat
898 3639 939 3701 ad
955 3640 1060 3701 ritum.
1107 3641 1140 3703 si
1164 3642 1353 3724 Magistrum
1379 3646 1558 3708 Galterium

602 3745 729 3822 rideris,
743 3744 773 3807 ei
789 3764 846 3826 per
862 3756 903 3817 te,
920 3754 951 3805 et
966 3764 1023 3824 per
1038 3743 1158 3807 amicos
1175 3756 1447 3829 quantascumque
1466 3757 1556 3826 potes

602 3850 644 3912 ris
661 3848 776 3929 gratias
792 3845 918 3921 reseras,
931 3856 961 3907 et
972 3847 1112 3909 maxime
1124 3868 1181 3929 per
1193 3849 1340 3920 comitem
1353 3845 1555 3925 Gausn'dum,

603 3971 698 4035 quem
721 3948 837 4029 diligit,
854 3958 895 4024 et,
911 3951 937 4009 si
960 3948 1094 4011 facultas
1117 3950 1250 4024 affuerit,
1267 3969 1337 4011 eum
1360 3946 1506 4027 recipiaS,
1523 3961 1556 4011 et

602 4056 642 4115 ab
658 4048 728 4114 aliis
742 4050 843 4131 recipi
858 4049 958 4113 facias
975 4061 1125 4133 tauquam
1141 4050 1288 4127 angelum
1313 4048 1457 4123 Domini,
1475 4072 1554 4133 quo·

601 4154 685 4215 uiam
703 4164 735 4214 ct
749 4152 828 4235 ipse,
840 4162 875 4213 ut
890 4153 1033 4227 arbitror,
1046 4152 1107 4214 Dei
1120 4150 1263 4212 minister
1277 4159 1335 4228 est,
1347 4162 1379 4214 et
1395 4163 1552 4235 quantum

600 4254 677 4317 licet
692 4253 827 4315 incuria
843 4255 984 4315 membra
997 4251 1116 4316 Christi
1128 4250 1345 4333 multipliciter
1360 4256 1551 4319 consolatur.

601 4356 691 4426 Quos
706 4373 785 4435 puer
800 4352 954 4414 invenerit
969 4349 1138 4434 adjutores,
1152 4349 1263 4433 qnisre
1279 4352 1319 4415 sit
1334 4376 1424 4417 meus
1440 4366 1552 4426 status,

599 4478 656 4541 pro
680 4464 768 4538 parto
790 4454 906 4536 poterit
931 4453 1085 4536 judicare.
1132 4454 1373 4538 lnrpntabisquo
1404 4457 1551 4532 fortunae,
