3875 5725
487 806 506 863 6
745 810 882 856 nonusis
897 808 1174 854 sanssusnrsusrs
1345 790 1392 873 [a.
1412 813 1445 858 n.

488 962 650 1052 pollicitus
672 962 788 1040 fuerat,
803 962 836 1025 in
861 981 956 1024 manu
981 955 1196 1023 archidianoni
1216 959 1446 1030 acolesitasuoe

486 1064 692 1131 renunciavit.
739 1063 820 1127 Haec
833 1074 868 1126 at
878 1062 926 1126 bia
937 1058 1054 1125 similia
1065 1058 1207 1144 allegans
1218 1064 1445 1152 superinjuria

486 1167 547 1233 sibi
567 1167 719 1251 irrogata,
735 1165 980 1229 satisfactionem
1005 1163 1146 1248 patebat,
1162 1161 1243 1228 duna
1255 1166 1445 1236 ,noardotes

485 1269 518 1334 in
535 1266 687 1344 medium,
702 1268 759 1352 qui
782 1264 841 1330 sibi
863 1267 927 1330 rim
950 1265 1065 1329 lacum
1088 1265 1349 1344 testificarentur,
1364 1291 1443 1356 pro-

487 1372 618 1436 ducens.
643 1372 673 1434 E
688 1379 799 1433 contra
822 1373 862 1433 R.
886 1370 950 1432 rim
967 1387 1001 1430 so
1016 1365 1203 1452 hujusmodi
1224 1366 1442 1452 inficiabatur,

487 1475 584 1539 modo
599 1473 640 1538 de
655 1486 864 1559 patronorum
880 1492 990 1556 parma
1004 1469 1151 1546 confisus,
1166 1471 1262 1536 modo
1275 1472 1316 1537 ad
1333 1471 1440 1559 legum

428 1573 432 1579 ’
487 1572 698 1641 subtilitatem
721 1568 915 1652 confugiens,
939 1589 980 1631 an
1006 1567 1169 1633 eccleciam
1195 1568 1284 1635 illam
1306 1582 1441 1659 peteret,

488 1700 626 1767 quamve
655 1675 814 1740 actionem
845 1686 1048 1759 proponeret,
1079 1684 1136 1736 aut
1173 1693 1240 1760 quo
1270 1676 1345 1762 jure
1381 1675 1441 1741 sibi

487 1779 632 1846 satisfieri
648 1776 836 1866 postularet,
854 1773 1081 1858 interrogabat.
1125 1777 1229 1840 Porro
1243 1798 1344 1863 quum
1360 1779 1443 1843 vari-
1490 1782 1495 1789 '

487 1892 584 1947 tatem
606 1880 679 1944 lacti
700 1873 886 1962 diligentius
900 1876 1063 1961 inquirere
1079 1885 1286 1956 tentaremus,
1305 1879 1443 1967 utquid

484 1985 568 2069 juris
589 1991 670 2044 esset
691 1975 896 2065 postmodum
917 1974 1057 2040 lucidius
1078 1989 1256 2063 appareret,
1277 1982 1319 2045 R.
1336 1982 1445 2068 appel.

488 2084 636 2148 lationem
653 2080 855 2164 interposuit,
870 2080 922 2143 cui
938 2078 1064 2144 deferre
1079 2081 1246 2161 habemus,
1260 2082 1345 2148 diam
1362 2108 1444 2173 prae-

490 2185 593 2268 figens
609 2182 813 2247 Dominicam
829 2202 896 2268 qua
907 2181 1099 2263 cantabitur,
1111 2184 1214 2252 Quasi
1227 2188 1320 2250 modo
1328 2190 1445 2270 perciti,

490 2307 587 2373 quem
617 2282 787 2349 termnum
819 2288 861 2348 W
891 2281 1063 2348 coarctavit
1093 2284 1133 2348 ad
1162 2288 1273 2349 Beatae
1304 2284 1445 2374 Virginis

489 2385 752 2474 purificationem.

683 2671 905 2736 EPISTOLA
929 2668 1075 2731 Vl.—ao
1094 2688 1246 2733 suunsss.

758 2804 899 2867 Dotniuo
916 2802 1065 2866 Adriano
1079 2824 1185 2886 papea.

535 2942 717 3006 onnnsns
740 2934 879 3003 nobilem
904 2935 1008 2999 virum
1033 2932 1183 2999 comitem
1206 2937 1383 3022 Rogerium
1409 2955 1443 3006 et

491 3044 665 3107 Osbertum
693 3038 842 3102 clericum
874 3057 968 3099 suum
999 3034 1163 3101 Ernaldus
1191 3035 1232 3103 de
1261 3036 1382 3105 Divisis
1410 3043 1442 3107 in

489 3141 658 3229 praesentis
683 3150 792 3203 nostra
817 3136 984 3223 querelam
1014 3138 1174 3223 deposuit,
1199 3138 1308 3206 dicens
1337 3141 1399 3210 sibi
1424 3167 1444 3209 a

490 3241 616 3321 comite,
631 3249 668 3304 ut
690 3239 865 3303 Osbertum
887 3259 981 3302 suum
1005 3239 1197 3319 intruderet,
1217 3240 1382 3309 ecclesiam
1403 3246 1444 3311 de

492 3349 647 3411 Hentona
661 3341 816 3405 violenter
830 3354 861 3404 et
878 3354 990 3405 eontra
1004 3360 1130 3405 omnem
1143 3344 1352 3411 reverentiam
1362 3349 1447 3434 juris

492 3467 559 3511 esse
581 3442 734 3519 ablatam,
750 3462 848 3528 quam
870 3439 1032 3520 canonice,
1049 3454 1086 3507 ut
1109 3440 1248 3521 dicebat,
1263 3446 1321 3511 diu
1342 3470 1446 3534 posse-
1542 3487 1547 3495 ·

491 3549 581 3612 derat
611 3547 800 3610 auctoritate
831 3541 1021 3608 venerabilis
1049 3543 1159 3609 fratris
1188 3548 1288 3613 nostri
1315 3552 1347 3615 J.
1376 3552 1445 3615 Sar.

489 3648 641 3737 episcopi,
657 3648 751 3734 cujus
765 3645 921 3723 chartam,
937 3668 1014 3732 quse
1029 3645 1211 3712 donationis
1225 3650 1296 3736 ejus
1311 3653 1445 3718 titulum

491 3752 689 3833 adstruebat,
718 3750 749 3814 in
782 3748 924 3813 medium
954 3748 1152 3833 proferebat:
1183 3764 1216 3817 et
1254 3764 1291 3817 ut
1323 3777 1445 3841 posses.

492 3856 610 3919 sionem
643 3874 734 3919 suam
764 3852 851 3918 omni
881 3851 1080 3917 solemnitate
1105 3852 1191 3938 juris
1220 3854 1348 3923 doceret
1378 3881 1445 3924 esse

492 3955 674 4028 subnixam,
691 3956 890 4019 concessione
905 3954 1075 4039 cujusdam
1096 3952 1218 4032 militis,
1233 3979 1330 4043 quem
1347 3962 1444 4024 eccle-

491 4057 547 4120 siae
561 4052 749 4118 advocatum
766 4074 833 4117 esse
850 4055 989 4133 dicebat,
1004 4077 1036 4118 se
1056 4053 1188 4120 eandem
1202 4058 1387 4125 obtinuisse
1402 4063 1445 4126 ab

490 4156 639 4243 episcopo
653 4155 826 4232 asserebat,
841 4168 873 4218 et
888 4152 930 4217 ob
946 4156 1006 4218 hoc
1021 4154 1081 4220 sibi
1097 4156 1238 4224 ecclesiae
1253 4175 1285 4226 et
1300 4161 1442 4226 omnium

490 4259 670 4325 ablatorum
696 4252 927 4318 restitutionem
956 4253 1024 4319 fieri
1053 4261 1246 4343 postulabat.
1294 4265 1441 4329 'faudem

489 4377 559 4447 post
584 4358 702 4424 multas
729 4352 893 4421 citationes
918 4368 951 4421 et
974 4360 1247 4439 comminationes,
1273 4391 1292 4429 u
1316 4364 1442 4446 comite,
