3875 5725
590 873 633 934 82
848 885 983 930 ioannis
1000 885 1278 931 smissnnaiansrs
1449 870 1494 944 [s.
1511 889 1542 932 n.

590 1037 720 1104 factoris
741 1036 836 1101 vestri
858 1048 890 1100 et
913 1035 1045 1099 Domini
1066 1034 1199 1120 gloriam
1222 1036 1425 1112 contrahatis,
1449 1060 1544 1123 poena

591 1141 723 1226 dignum
734 1151 792 1215 est,
802 1150 833 1203 et
845 1137 1057 1224 proculdubio
1067 1160 1163 1223 poena
1172 1137 1371 1202 acerbissima
1378 1140 1544 1224 punietur,

590 1245 689 1309 immo
704 1241 844 1306 Domino
866 1238 1006 1326 propitio
1023 1263 1085 1303 non
1103 1240 1267 1325 punietur,
1283 1240 1361 1324 quia
1382 1241 1452 1326 ipso
1474 1264 1545 1326 pro·

591 1344 726 1432 pitiante
741 1365 802 1408 non
823 1342 888 1406 fiet.
934 1342 1092 1407 Convenit
1108 1364 1164 1405 vos
1181 1362 1316 1424 sponsus
1333 1341 1472 1405 ecclesiae
1487 1365 1545 1427 per

591 1469 628 1511 os
649 1468 767 1522 meum,
787 1443 935 1508 convenit
956 1455 1066 1530 pastor
1082 1442 1236 1519 omnium,
1254 1443 1401 1528 princeps
1418 1457 1545 1528 aposto·

591 1548 707 1626 lorum,
720 1551 844 1624 Petrus,
857 1557 1005 1630 rogantes
1019 1546 1183 1622 attentius,
1197 1561 1232 1609 ut
1243 1546 1268 1608 si
1283 1567 1337 1607 eos
1347 1545 1547 1631 principatus

591 1649 689 1714 vestri
711 1648 826 1713 habere
844 1649 943 1711 vultis
964 1660 1128 1733 patronos,
1147 1663 1180 1711 et
1197 1646 1370 1732 adjutores,
1387 1660 1545 1730 pastorem

590 1753 625 1819 in
640 1751 771 1817 ecclesia
783 1750 955 1814 Exoniensi
971 1749 1145 1814 secundum
1160 1749 1335 1812 Dominum
1346 1748 1450 1812 velitis
1461 1749 1546 1812 ordi-

592 1854 674 1931 nari,
689 1867 721 1919 et
739 1852 871 1917 eandem
892 1851 932 1915 de
952 1863 1042 1915 tanto
1060 1852 1228 1936 naufragio
1245 1853 1366 1936 eripere
1382 1850 1547 1914 studeatis.

592 1955 700 2022 Prima
709 1954 849 2019 omnium
860 1966 918 2030 est,
928 1955 980 2016 cui
993 1953 1240 2039 prospexistisfflin
1252 1976 1358 2038 regno.
1382 1953 1549 2032 Attendat,

592 2057 618 2123 ei
634 2057 747 2144 placet,
763 2055 906 2138 dignatio
921 2066 1027 2119 vestra
1047 2055 1128 2141 quid
1151 2057 1191 2120 sit
1206 2055 1322 2119 exinde
1343 2071 1548 2140 consequuta.

595 2157 706 2223 Nostis
727 2179 808 2243 quos
826 2155 962 2220 exclusit
978 2158 1020 2221 ab
1041 2157 1181 2236 ecclesia,
1198 2160 1255 2244 qui
1276 2171 1308 2222 et
1328 2159 1548 2223 columbarum

594 2258 774 2324 venditores
789 2259 892 2344 ejecit,
908 2271 938 2323 et
955 2260 1038 2323 absit
1055 2273 1090 2323 ut
1106 2261 1275 2346 quisquam
1290 2261 1437 2338 introeat,
1454 2283 1548 2346 quem

596 2359 746 2424 Christus
759 2360 900 2424 exclusit.
934 2363 1123 2446 Sponsorem
1135 2385 1185 2425 me
1200 2385 1259 2448 pro
1270 2366 1367 2428 Petro
1378 2363 1548 2439 constituo,

597 2461 674 2547 quia
688 2461 789 2527 honor
808 2484 904 2546 quem
919 2462 947 2525 ei
967 2463 1171 2538 exhibebitis,
1188 2464 1279 2528 vobis
1300 2465 1395 2530 etiam
1414 2469 1446 2528 in
1469 2488 1551 2550 prae-

596 2562 677 2629 senti
689 2562 874 2651 centuplata
888 2564 1032 2628 mercede
1046 2565 1210 2651 rependet.
1240 2567 1292 2631 Ad
1306 2566 1375 2630 haec
1390 2567 1415 2631 si
1431 2568 1549 2631 moram

597 2663 733 2729 feceritis
754 2664 942 2749 longiorem,
957 2665 1009 2730 vel
1023 2667 1281 2731 archidiaconum
1300 2690 1419 2747 meum,
1434 2669 1459 2731 si
1478 2689 1550 2730 cum

597 2763 804 2830 indemnitate
819 2778 925 2830 vestra
940 2766 1008 2830 fieri
1024 2781 1141 2853 potest,
1157 2769 1236 2833 mihi
1252 2770 1371 2834 remitti
1388 2792 1508 2854 quaeso.

686 3026 908 3090 EPISTOLA
929 3027 1119 3088 LXV.-An
1134 3045 1308 3090 arrscoros
1322 3045 1465 3090 anama.

606 3207 842 3269 venerabilibus
845 3209 1012 3289 fratribus
1025 3210 1186 3287 episcopis,
1202 3215 1233 3270 et
1252 3210 1414 3274 uniuersis
1434 3212 1555 3275 Christi

688 3306 853 3387 fidelibus,
865 3326 926 3387 per
940 3306 1092 3387 Anglinm
1107 3310 1290 3371 constitutis
1303 3312 1451 3374 salutem.

643 3463 823 3542 Expertus,
840 3475 876 3527 ut
895 3462 1041 3539 audistis,
1057 3463 1156 3527 hostis
1170 3464 1321 3550 antiquus
1336 3466 1552 3550 integritatem

601 3563 752 3640 ecclesiae,
775 3575 807 3628 et
831 3563 980 3630 omnibus
1002 3564 1137 3628 fallaciae
1158 3578 1189 3629 et
1212 3566 1365 3651 nequitiae
1388 3590 1454 3631 suae
1475 3568 1555 3631 inni-

603 3680 674 3734 teus
688 3666 822 3744 viribus,
833 3666 1033 3732 insolubilem
1047 3667 1167 3731 findere
1183 3667 1311 3732 molitus
1325 3683 1372 3734 est
1388 3670 1554 3735 unitatem.

605 3772 768 3839 Caeterum
782 3770 861 3835 foris
875 3781 922 3833 est
943 3769 1126 3835 indeficiens
1145 3770 1257 3857 pietas,
1273 3775 1355 3836 sicut
1378 3774 1419 3836 ad
1440 3773 1557 3859 proba·

604 3872 722 3937 tionem
750 3869 891 3936 fidelium
924 3870 1079 3956 procellas
1107 3872 1262 3957 praevidet
1299 3872 1481 3950 eminentes,
1511 3873 1557 3936 ita

605 3975 730 4039 easdem
747 3986 941 4059 emergentes
955 3986 987 4038 et
999 3972 1223 4039 invalescentes
1235 3975 1266 4037 in
1279 3998 1373 4039 usum
1385 3975 1556 4039 electorum

605 4075 725 4139 salubri
740 4074 974 4160 dispensatione
988 4090 1217 4160 contemperat:
1243 4090 1278 4140 ut
1294 4078 1350 4162 qui
1364 4078 1558 4141 erudiuntur

608 4176 641 4239 in
654 4197 759 4261 poena,
777 4174 904 4258 probati
927 4197 985 4260 per
1007 4176 1228 4260 poenitentiam
1248 4191 1448 4242 coronentur.
1494 4180 1559 4255 Qui

609 4299 685 4362 ergo
708 4298 727 4339 a
749 4273 870 4339 malitia
888 4274 1136 4341 inhabitantium
1160 4300 1250 4341 suam
1270 4280 1393 4344 turbari
1417 4278 1559 4365 permisit

609 4376 782 4456 ecclesiam,
797 4398 865 4440 eam
886 4377 1025 4461 praecisis
1040 4379 1189 4443 membris
1206 4381 1358 4466 putridis,
1372 4382 1441 4467 jam
1457 4381 1561 4443 immi·

612 4494 706 4545 nante
720 4501 775 4565 spe
789 4478 875 4568 pacis
892 4478 1003 4565 incipit
1018 4502 1173 4559 serenare,
1189 4495 1219 4546 et
1238 4483 1271 4547 in
1286 4486 1391 4570 capite
1408 4483 1560 4555 ecclesiae,
