<?xml version="1.0" encoding="UTF-8"?>
<!DOCTYPE html PUBLIC "-//W3C//DTD XHTML 1.0 Transitional//EN"
    "http://www.w3.org/TR/xhtml1/DTD/xhtml1-transitional.dtd">
<html xmlns="http://www.w3.org/1999/xhtml" xml:lang="en" lang="en">
 <head>
  <title>
</title>
<meta http-equiv="Content-Type" content="text/html;charset=utf-8" />
  <meta name='ocr-system' content='tesseract 3.04.00' />
  <meta name='ocr-capabilities' content='ocr_page ocr_carea ocr_par ocr_line ocrx_word'/>
</head>
<body>
  <div class='ocr_page' id='page_1' title='image "./joannissaresber01johngoog_0112.png"; bbox 0 0 3875 5725; ppageno 0'>
   <div class='ocr_carea' id='block_1_1' title="bbox 488 870 1432 944">
    <p class='ocr_par' dir='ltr' id='par_1_1' title="bbox 488 870 1432 944">
     <span class='ocr_line' id='line_1_1' title="bbox 488 870 1432 944; baseline -0.002 -12"><span class='ocrx_word' id='word_1_1' title='bbox 488 874 529 932; x_wconf 86' lang='grc'><strong>94</strong></span> <span class='ocrx_word' id='word_1_2' title='bbox 743 886 879 933; x_wconf 76' lang='lat' dir='ltr'><strong>soranis</strong></span> <span class='ocrx_word' id='word_1_3' title='bbox 894 885 1172 933; x_wconf 76' lang='lat' dir='ltr'><strong>sanasasaransis</strong></span> <span class='ocrx_word' id='word_1_4' title='bbox 1339 870 1384 944; x_wconf 75' lang='lat' dir='ltr'><strong>[s.</strong></span> <span class='ocrx_word' id='word_1_5' title='bbox 1396 888 1432 931; x_wconf 54' lang='lat' dir='ltr'><strong>«n.</strong></span> 
     </span>
    </p>
   </div>
   <div class='ocr_carea' id='block_1_2' title="bbox 485 1035 1438 2236">
    <p class='ocr_par' dir='ltr' id='par_1_2' title="bbox 485 1035 1438 2236">
     <span class='ocr_line' id='line_1_2' title="bbox 485 1035 1430 1123; baseline -0.001 -22"><span class='ocrx_word' id='word_1_6' title='bbox 485 1035 603 1101; x_wconf 79' lang='lat' dir='ltr'><strong>tissime</strong></span> <span class='ocrx_word' id='word_1_7' title='bbox 629 1048 787 1120; x_wconf 89' lang='lat' dir='ltr'><strong>portarem</strong></span> <span class='ocrx_word' id='word_1_8' title='bbox 813 1037 843 1100; x_wconf 95' lang='lat' dir='ltr'><strong>in</strong></span> <span class='ocrx_word' id='word_1_9' title='bbox 871 1038 1011 1102; x_wconf 88' lang='lat' dir='ltr'><strong>humeris</strong></span> <span class='ocrx_word' id='word_1_10' title='bbox 1034 1038 1122 1116; x_wconf 90' lang='lat' dir='ltr'><strong>meis,</strong></span> <span class='ocrx_word' id='word_1_11' title='bbox 1144 1037 1220 1102; x_wconf 91' lang='lat' dir='ltr'><strong>dum</strong></span> <span class='ocrx_word' id='word_1_12' title='bbox 1243 1060 1306 1123; x_wconf 86' lang='lat' dir='ltr'><strong>pax</strong></span> <span class='ocrx_word' id='word_1_13' title='bbox 1330 1036 1430 1100; x_wconf 85' lang='lat' dir='ltr'><strong>refor-</strong></span> 
     </span>
     <span class='ocr_line' id='line_1_3' title="bbox 485 1138 1434 1224; baseline -0.003 -21"><span class='ocrx_word' id='word_1_14' title='bbox 485 1152 626 1204; x_wconf 89' lang='lat' dir='ltr'><strong>maretur</strong></span> <span class='ocrx_word' id='word_1_15' title='bbox 647 1139 741 1203; x_wconf 86' lang='lat' dir='ltr'><strong>terris</strong></span> <span class='ocrx_word' id='word_1_16' title='bbox 756 1151 788 1203; x_wconf 93' lang='lat' dir='ltr'><strong>et</strong></span> <span class='ocrx_word' id='word_1_17' title='bbox 803 1139 943 1224; x_wconf 89' lang='lat' dir='ltr'><strong>populis,</strong></span> <span class='ocrx_word' id='word_1_18' title='bbox 959 1160 1040 1224; x_wconf 89' lang='lat' dir='ltr'><strong>quos</strong></span> <span class='ocrx_word' id='word_1_19' title='bbox 1055 1150 1161 1202; x_wconf 91' lang='lat' dir='ltr'><strong>vestro</strong></span> <span class='ocrx_word' id='word_1_20' title='bbox 1182 1138 1328 1222; x_wconf 90' lang='lat' dir='ltr'><strong>regimini</strong></span> <span class='ocrx_word' id='word_1_21' title='bbox 1349 1160 1434 1214; x_wconf 85' lang='lat' dir='ltr'><strong>com-</strong></span> 
     </span>
     <span class='ocr_line' id='line_1_4' title="bbox 486 1239 1435 1327; baseline -0.002 -23"><span class='ocrx_word' id='word_1_22' title='bbox 486 1239 571 1305; x_wconf 89' lang='lat' dir='ltr'><strong>misit</strong></span> <span class='ocrx_word' id='word_1_23' title='bbox 586 1244 754 1306; x_wconf 82' lang='lat' dir='ltr'><strong>Dominus.</strong></span> <span class='ocrx_word' id='word_1_24' title='bbox 801 1242 901 1326; x_wconf 90' lang='lat' dir='ltr'><strong>Spero</strong></span> <span class='ocrx_word' id='word_1_25' title='bbox 914 1254 1022 1304; x_wconf 86' lang='lat' dir='ltr'><strong>autem</strong></span> <span class='ocrx_word' id='word_1_26' title='bbox 1038 1240 1127 1327; x_wconf 91' lang='lat' dir='ltr'><strong>quod</strong></span> <span class='ocrx_word' id='word_1_27' title='bbox 1146 1254 1269 1326; x_wconf 88' lang='lat' dir='ltr'><strong>quanto</strong></span> <span class='ocrx_word' id='word_1_28' title='bbox 1284 1240 1435 1304; x_wconf 87' lang='lat' dir='ltr'><strong>libentius</strong></span> 
     </span>
     <span class='ocr_line' id='line_1_5' title="bbox 486 1341 1435 1428; baseline 0 -24"><span class='ocrx_word' id='word_1_29' title='bbox 486 1344 662 1427; x_wconf 70' lang='lat' dir='ltr'><strong>acquiesco,</strong></span> <span class='ocrx_word' id='word_1_30' title='bbox 679 1355 711 1407; x_wconf 90' lang='lat' dir='ltr'><strong>et</strong></span> <span class='ocrx_word' id='word_1_31' title='bbox 725 1364 848 1428; x_wconf 86' lang='lat' dir='ltr'>semper</span> <span class='ocrx_word' id='word_1_32' title='bbox 864 1341 1013 1427; x_wconf 78' lang='lat' dir='ltr'><strong>adquievi</strong></span> <span class='ocrx_word' id='word_1_33' title='bbox 1029 1342 1188 1406; x_wconf 88' lang='lat' dir='ltr'><strong>voluntati</strong></span> <span class='ocrx_word' id='word_1_34' title='bbox 1204 1354 1328 1418; x_wconf 89' lang='lat' dir='ltr'><strong>vestrae,</strong></span> <span class='ocrx_word' id='word_1_35' title='bbox 1346 1353 1435 1406; x_wconf 88' lang='lat' dir='ltr'><strong>tanto</strong></span> 
     </span>
     <span class='ocr_line' id='line_1_6' title="bbox 487 1442 1435 1526; baseline 0 -20"><span class='ocrx_word' id='word_1_36' title='bbox 487 1442 512 1506; x_wconf 89' lang='lat' dir='ltr'><strong>si</strong></span> <span class='ocrx_word' id='word_1_37' title='bbox 527 1442 630 1526; x_wconf 88' lang='lat' dir='ltr'><strong>placet</strong></span> <span class='ocrx_word' id='word_1_38' title='bbox 645 1443 813 1526; x_wconf 87' lang='lat' dir='ltr'><strong>benignius</strong></span> <span class='ocrx_word' id='word_1_39' title='bbox 828 1443 1086 1507; x_wconf 80' lang='lat' dir='ltr'><strong>condescendetis</strong></span> <span class='ocrx_word' id='word_1_40' title='bbox 1105 1443 1283 1507; x_wconf 88' lang='lat' dir='ltr'><strong>necessitati</strong></span> <span class='ocrx_word' id='word_1_41' title='bbox 1300 1465 1388 1521; x_wconf 77' lang='lat' dir='ltr'><strong>mere,</strong></span> <span class='ocrx_word' id='word_1_42' title='bbox 1404 1456 1435 1506; x_wconf 92' lang='lat' dir='ltr'><strong>et</strong></span> 
     </span>
     <span class='ocr_line' id='line_1_7' title="bbox 487 1544 1437 1630; baseline 0.002 -24"><span class='ocrx_word' id='word_1_43' title='bbox 487 1566 596 1629; x_wconf 82' lang='lat' dir='ltr'><strong>preces</strong></span> <span class='ocrx_word' id='word_1_44' title='bbox 612 1566 695 1607; x_wconf 85' lang='lat' dir='ltr'><strong>meas</strong></span> <span class='ocrx_word' id='word_1_45' title='bbox 710 1545 751 1608; x_wconf 92' lang='lat' dir='ltr'><strong>de</strong></span> <span class='ocrx_word' id='word_1_46' title='bbox 765 1544 955 1609; x_wconf 86' lang='lat' dir='ltr'><strong>remittendo</strong></span> <span class='ocrx_word' id='word_1_47' title='bbox 971 1545 1166 1623; x_wconf 87' lang='lat' dir='ltr'><strong>cancellario,</strong></span> <span class='ocrx_word' id='word_1_48' title='bbox 1174 1559 1207 1609; x_wconf 92' lang='lat' dir='ltr'><strong>et</strong></span> <span class='ocrx_word' id='word_1_49' title='bbox 1221 1546 1437 1630; x_wconf 89' lang='lat' dir='ltr'><strong>promovendo</strong></span> 
     </span>
     <span class='ocr_line' id='line_1_8' title="bbox 487 1646 1438 1731; baseline 0.002 -23"><span class='ocrx_word' id='word_1_50' title='bbox 487 1647 615 1731; x_wconf 90' lang='lat' dir='ltr'><strong>negotio</strong></span> <span class='ocrx_word' id='word_1_51' title='bbox 633 1646 823 1709; x_wconf 87' lang='lat' dir='ltr'><strong>Exoniensis</strong></span> <span class='ocrx_word' id='word_1_52' title='bbox 846 1646 984 1710; x_wconf 89' lang='lat' dir='ltr'><strong>ecclesiae</strong></span> <span class='ocrx_word' id='word_1_53' title='bbox 1006 1646 1131 1709; x_wconf 82' lang='lat' dir='ltr'><strong>facilius</strong></span> <span class='ocrx_word' id='word_1_54' title='bbox 1151 1647 1298 1725; x_wconf 88' lang='lat' dir='ltr'><strong>audietis,</strong></span> <span class='ocrx_word' id='word_1_55' title='bbox 1316 1648 1438 1710; x_wconf 89' lang='lat' dir='ltr'><strong>noveri-</strong></span> 
     </span>
     <span class='ocr_line' id='line_1_9' title="bbox 487 1744 1436 1833; baseline -0.001 -22"><span class='ocrx_word' id='word_1_56' title='bbox 487 1744 592 1833; x_wconf 90' lang='lat' dir='ltr'><strong>tisque</strong></span> <span class='ocrx_word' id='word_1_57' title='bbox 607 1770 666 1833; x_wconf 92' lang='lat' dir='ltr'><strong>pro</strong></span> <span class='ocrx_word' id='word_1_58' title='bbox 681 1760 768 1812; x_wconf 89' lang='lat' dir='ltr'><strong>certo</strong></span> <span class='ocrx_word' id='word_1_59' title='bbox 789 1748 875 1832; x_wconf 93' lang='lat' dir='ltr'><strong>quod</strong></span> <span class='ocrx_word' id='word_1_60' title='bbox 892 1747 925 1810; x_wconf 93' lang='lat' dir='ltr'><strong>id</strong></span> <span class='ocrx_word' id='word_1_61' title='bbox 941 1747 1031 1811; x_wconf 93' lang='lat' dir='ltr'><strong>nullo</strong></span> <span class='ocrx_word' id='word_1_62' title='bbox 1054 1748 1150 1810; x_wconf 91' lang='lat' dir='ltr'><strong>modo</strong></span> <span class='ocrx_word' id='word_1_63' title='bbox 1169 1761 1360 1832; x_wconf 75' lang='lat' dir='ltr'><strong>peteremuS,</strong></span> <span class='ocrx_word' id='word_1_64' title='bbox 1377 1748 1436 1810; x_wconf 85' lang='lat' dir='ltr'><strong>nisi</strong></span> 
     </span>
     <span class='ocr_line' id='line_1_10' title="bbox 486 1847 1436 1933; baseline 0.003 -24"><span class='ocrx_word' id='word_1_65' title='bbox 486 1847 567 1913; x_wconf 88' lang='lat' dir='ltr'><strong>illud</strong></span> <span class='ocrx_word' id='word_1_66' title='bbox 582 1849 783 1914; x_wconf 86' lang='lat' dir='ltr'><strong>crederemus</strong></span> <span class='ocrx_word' id='word_1_67' title='bbox 801 1873 867 1912; x_wconf 90' lang='lat' dir='ltr'><strong>esse</strong></span> <span class='ocrx_word' id='word_1_68' title='bbox 888 1849 1029 1912; x_wconf 88' lang='lat' dir='ltr'><strong>Domino</strong></span> <span class='ocrx_word' id='word_1_69' title='bbox 1051 1860 1190 1933; x_wconf 89' lang='lat' dir='ltr'><strong>gratum,</strong></span> <span class='ocrx_word' id='word_1_70' title='bbox 1206 1862 1238 1912; x_wconf 93' lang='lat' dir='ltr'><strong>et</strong></span> <span class='ocrx_word' id='word_1_71' title='bbox 1254 1849 1343 1913; x_wconf 91' lang='lat' dir='ltr'><strong>vobis</strong></span> <span class='ocrx_word' id='word_1_72' title='bbox 1358 1851 1436 1912; x_wconf 92' lang='lat' dir='ltr'><strong>utile</strong></span> 
     </span>
     <span class='ocr_line' id='line_1_11' title="bbox 487 1950 1434 2037; baseline 0.002 -25"><span class='ocrx_word' id='word_1_73' title='bbox 487 1962 519 2014; x_wconf 91' lang='lat' dir='ltr'><strong>et</strong></span> <span class='ocrx_word' id='word_1_74' title='bbox 544 1951 722 2014; x_wconf 86' lang='lat' dir='ltr'><strong>honestum.</strong></span> <span class='ocrx_word' id='word_1_75' title='bbox 769 1951 892 2014; x_wconf 85' lang='lat' dir='ltr'><strong>Audite</strong></span> <span class='ocrx_word' id='word_1_76' title='bbox 922 1951 948 2012; x_wconf 93' lang='lat' dir='ltr'><strong>si</strong></span> <span class='ocrx_word' id='word_1_77' title='bbox 978 1950 1081 2035; x_wconf 86' lang='lat' dir='ltr'><strong>placet</strong></span> <span class='ocrx_word' id='word_1_78' title='bbox 1108 1952 1196 2037; x_wconf 91' lang='lat' dir='ltr'><strong>quod</strong></span> <span class='ocrx_word' id='word_1_79' title='bbox 1225 1951 1257 2014; x_wconf 93' lang='lat' dir='ltr'><strong>in</strong></span> <span class='ocrx_word' id='word_1_80' title='bbox 1284 1952 1344 2014; x_wconf 90' lang='lat' dir='ltr'><strong>isto</strong></span> <span class='ocrx_word' id='word_1_81' title='bbox 1371 1965 1434 2014; x_wconf 92' lang='lat' dir='ltr'><strong>tam</strong></span> 
     </span>
     <span class='ocr_line' id='line_1_12' title="bbox 486 2049 1435 2137; baseline 0 -24"><span class='ocrx_word' id='word_1_82' title='bbox 486 2049 656 2115; x_wconf 83' lang='lat' dir='ltr'><strong>affectuose</strong></span> <span class='ocrx_word' id='word_1_83' title='bbox 671 2049 871 2135; x_wconf 87' lang='lat' dir='ltr'><strong>postulamus</strong></span> <span class='ocrx_word' id='word_1_84' title='bbox 885 2049 1033 2125; x_wconf 86' lang='lat' dir='ltr'><strong>articulo,</strong></span> <span class='ocrx_word' id='word_1_85' title='bbox 1049 2052 1184 2115; x_wconf 88' lang='lat' dir='ltr'><strong>fortasse</strong></span> <span class='ocrx_word' id='word_1_86' title='bbox 1206 2052 1284 2115; x_wconf 91' lang='lat' dir='ltr'><strong>nihil</strong></span> <span class='ocrx_word' id='word_1_87' title='bbox 1299 2051 1435 2137; x_wconf 91' lang='lat' dir='ltr'><strong>amplius</strong></span> 
     </span>
     <span class='ocr_line' id='line_1_13' title="bbox 489 2151 630 2236; baseline -0.021 -20"><span class='ocrx_word' id='word_1_88' title='bbox 489 2151 630 2236; x_wconf 84' lang='lat' dir='ltr'><strong>petituri.</strong></span> 
     </span>
    </p>
   </div>
   <div class='ocr_carea' id='block_1_3' title="bbox 559 2423 1363 2610">
    <p class='ocr_par' dir='ltr' id='par_1_3' title="bbox 559 2423 1363 2610">
     <span class='ocr_line' id='line_1_14' title="bbox 559 2423 1363 2491; baseline 0.005 -4"><span class='ocrx_word' id='word_1_89' title='bbox 559 2423 782 2488; x_wconf 84' lang='lat' dir='ltr'><strong>EPISTOLA</strong></span> <span class='ocrx_word' id='word_1_90' title='bbox 797 2424 1008 2488; x_wconf 78' lang='lat' dir='ltr'><strong>LXXL-—sn</strong></span> <span class='ocrx_word' id='word_1_91' title='bbox 1024 2443 1056 2488; x_wconf 80' lang='lat' dir='ltr'><strong>a.</strong></span> <span class='ocrx_word' id='word_1_92' title='bbox 1071 2445 1363 2491; x_wconf 75' lang='lat' dir='ltr'><strong>ancnroincouun.</strong></span> 
     </span>
     <span class='ocr_line' id='line_1_15' title="bbox 841 2543 1086 2610; baseline 0 -1"><span class='ocrx_word' id='word_1_93' title='bbox 841 2543 1086 2610; x_wconf 77' lang='lat' dir='ltr'><strong>Arelidioeono.</strong></span> 
     </span>
    </p>
   </div>
   <div class='ocr_carea' id='block_1_4' title="bbox 487 2661 1439 2851">
    <p class='ocr_par' dir='ltr' id='par_1_4' title="bbox 487 2661 1439 2851">
     <span class='ocr_line' id='line_1_16' title="bbox 531 2661 1439 2748; baseline 0.002 -22"><span class='ocrx_word' id='word_1_94' title='bbox 531 2663 628 2726; x_wconf 69' lang='lat' dir='ltr'><strong>Sinin</strong></span> <span class='ocrx_word' id='word_1_95' title='bbox 644 2661 711 2746; x_wconf 87' lang='lat' dir='ltr'><strong>jam</strong></span> <span class='ocrx_word' id='word_1_96' title='bbox 735 2675 903 2726; x_wconf 86' lang='lat' dir='ltr'><strong>revocatus</strong></span> <span class='ocrx_word' id='word_1_97' title='bbox 922 2685 966 2738; x_wconf 78' lang='lat' dir='ltr'><strong>ee,</strong></span> <span class='ocrx_word' id='word_1_98' title='bbox 984 2662 1041 2748; x_wconf 90' lang='lat' dir='ltr'><strong>qui</strong></span> <span class='ocrx_word' id='word_1_99' title='bbox 1061 2662 1100 2725; x_wconf 92' lang='lat' dir='ltr'><strong>ad</strong></span> <span class='ocrx_word' id='word_1_100' title='bbox 1122 2662 1216 2727; x_wconf 92' lang='lat' dir='ltr'><strong>unius</strong></span> <span class='ocrx_word' id='word_1_101' title='bbox 1235 2665 1335 2748; x_wconf 89' lang='lat' dir='ltr'><strong>patris</strong></span> <span class='ocrx_word' id='word_1_102' title='bbox 1358 2665 1439 2728; x_wconf 89' lang='lat' dir='ltr'><strong>senis</strong></span> 
     </span>
     <span class='ocr_line' id='line_1_17' title="bbox 487 2761 1439 2851; baseline 0.004 -26"><span class='ocrx_word' id='word_1_103' title='bbox 487 2774 520 2826; x_wconf 91' lang='lat' dir='ltr'><strong>et</strong></span> <span class='ocrx_word' id='word_1_104' title='bbox 534 2761 713 2845; x_wconf 85' lang='lat' dir='ltr'><strong>languentis</strong></span> <span class='ocrx_word' id='word_1_105' title='bbox 730 2763 923 2827; x_wconf 88' lang='lat' dir='ltr'><strong>vocationem</strong></span> <span class='ocrx_word' id='word_1_106' title='bbox 944 2763 1074 2827; x_wconf 90' lang='lat' dir='ltr'><strong>rediisse</strong></span> <span class='ocrx_word' id='word_1_107' title='bbox 1091 2764 1256 2829; x_wconf 89' lang='lat' dir='ltr'><strong>debueras.</strong></span> <span class='ocrx_word' id='word_1_108' title='bbox 1301 2767 1346 2829; x_wconf 90' lang='lat' dir='ltr'><strong>Et</strong></span> <span class='ocrx_word' id='word_1_109' title='bbox 1368 2767 1439 2851; x_wconf 89' lang='lat' dir='ltr'><strong>qui-</strong></span> 
     </span>
    </p>
   </div>
   <div class='ocr_carea' id='block_1_5' title="bbox 461 2864 1443 4560">
    <p class='ocr_par' dir='ltr' id='par_1_5' title="bbox 461 2864 1443 4560">
     <span class='ocr_line' id='line_1_18' title="bbox 488 2864 1439 2951; baseline 0.002 -22"><span class='ocrx_word' id='word_1_110' title='bbox 488 2864 562 2929; x_wconf 91' lang='lat' dir='ltr'><strong>dem</strong></span> <span class='ocrx_word' id='word_1_111' title='bbox 583 2865 756 2929; x_wconf 90' lang='lat' dir='ltr'><strong>verendum</strong></span> <span class='ocrx_word' id='word_1_112' title='bbox 779 2879 827 2930; x_wconf 90' lang='lat' dir='ltr'><strong>est</strong></span> <span class='ocrx_word' id='word_1_113' title='bbox 850 2888 889 2929; x_wconf 94' lang='lat' dir='ltr'><strong>ne</strong></span> <span class='ocrx_word' id='word_1_114' title='bbox 911 2866 1094 2930; x_wconf 86' lang='lat' dir='ltr'><strong>tarditatem</strong></span> <span class='ocrx_word' id='word_1_115' title='bbox 1117 2879 1204 2931; x_wconf 91' lang='lat' dir='ltr'><strong>tuam</strong></span> <span class='ocrx_word' id='word_1_116' title='bbox 1233 2868 1345 2951; x_wconf 89' lang='lat' dir='ltr'><strong>puniat</strong></span> <span class='ocrx_word' id='word_1_117' title='bbox 1373 2870 1439 2931; x_wconf 92' lang='lat' dir='ltr'><strong>Do-</strong></span> 
     </span>
     <span class='ocr_line' id='line_1_19' title="bbox 488 2963 1437 3046; baseline 0.001 -18"><span class='ocrx_word' id='word_1_118' title='bbox 488 2964 604 3045; x_wconf 88' lang='lat' dir='ltr'><strong>minus,</strong></span> <span class='ocrx_word' id='word_1_119' title='bbox 627 2964 651 3028; x_wconf 88' lang='lat' dir='ltr'><strong>ai</strong></span> <span class='ocrx_word' id='word_1_120' title='bbox 675 2967 716 3030; x_wconf 91' lang='lat' dir='ltr'><strong>ab</strong></span> <span class='ocrx_word' id='word_1_121' title='bbox 741 2963 956 3030; x_wconf 85' lang='lat' dir='ltr'><strong>inobedientia</strong></span> <span class='ocrx_word' id='word_1_122' title='bbox 982 2966 1193 3046; x_wconf 85' lang='lat' dir='ltr'><strong>obsurdescis,</strong></span> <span class='ocrx_word' id='word_1_123' title='bbox 1215 2966 1437 3031; x_wconf 89' lang='lat' dir='ltr'><strong>beneficiorum</strong></span> 
     </span>
     <span class='ocr_line' id='line_1_20' title="bbox 489 3064 1437 3153; baseline 0.002 -26"><span class='ocrx_word' id='word_1_124' title='bbox 489 3064 949 3151; x_wconf 90' lang='lat' dir='ltr'><strong>immemor,patrisque,quem</strong></span> <span class='ocrx_word' id='word_1_125' title='bbox 963 3067 1164 3149; x_wconf 85' lang='lat' dir='ltr'><strong>languentem</strong></span> <span class='ocrx_word' id='word_1_126' title='bbox 1175 3069 1208 3130; x_wconf 91' lang='lat' dir='ltr'><strong>in</strong></span> <span class='ocrx_word' id='word_1_127' title='bbox 1218 3067 1357 3131; x_wconf 89' lang='lat' dir='ltr'><strong>humeris</strong></span> <span class='ocrx_word' id='word_1_128' title='bbox 1366 3090 1437 3153; x_wconf 91' lang='lat' dir='ltr'><strong>por-</strong></span> 
     </span>
     <span class='ocr_line' id='line_1_21' title="bbox 489 3165 1442 3248; baseline 0.003 -19"><span class='ocrx_word' id='word_1_129' title='bbox 489 3179 557 3229; x_wconf 87' lang='lat' dir='ltr'><strong>tare</strong></span> <span class='ocrx_word' id='word_1_130' title='bbox 567 3165 734 3237; x_wconf 88' lang='lat' dir='ltr'><strong>debueras,</strong></span> <span class='ocrx_word' id='word_1_131' title='bbox 746 3180 955 3248; x_wconf 91' lang='lat' dir='ltr'><strong>contemptor.</strong></span> <span class='ocrx_word' id='word_1_132' title='bbox 985 3168 1067 3228; x_wconf 85' lang='lat' dir='ltr'><strong>Eras</strong></span> <span class='ocrx_word' id='word_1_133' title='bbox 1078 3171 1207 3230; x_wconf 89' lang='lat' dir='ltr'><strong>omnino</strong></span> <span class='ocrx_word' id='word_1_134' title='bbox 1217 3168 1442 3233; x_wconf 86' lang='lat' dir='ltr'><strong>inexcusabilis</strong></span> 
     </span>
     <span class='ocr_line' id='line_1_22' title="bbox 489 3264 1440 3347; baseline 0.003 -18"><span class='ocrx_word' id='word_1_135' title='bbox 489 3277 521 3329; x_wconf 91' lang='lat' dir='ltr'><strong>et</strong></span> <span class='ocrx_word' id='word_1_136' title='bbox 544 3264 757 3328; x_wconf 80' lang='lat' dir='ltr'><strong>maledictioni</strong></span> <span class='ocrx_word' id='word_1_137' title='bbox 779 3276 896 3327; x_wconf 88' lang='lat' dir='ltr'><strong>nostrae</strong></span> <span class='ocrx_word' id='word_1_138' title='bbox 926 3267 1103 3347; x_wconf 89' lang='lat' dir='ltr'><strong>proximus,</strong></span> <span class='ocrx_word' id='word_1_139' title='bbox 1127 3267 1186 3330; x_wconf 90' lang='lat' dir='ltr'><strong>nisi</strong></span> <span class='ocrx_word' id='word_1_140' title='bbox 1210 3280 1298 3330; x_wconf 88' lang='lat' dir='ltr'><strong>tuam</strong></span> <span class='ocrx_word' id='word_1_141' title='bbox 1329 3270 1440 3332; x_wconf 85' lang='lat' dir='ltr'><strong>absen-</strong></span> 
     </span>
     <span class='ocr_line' id='line_1_23' title="bbox 490 3363 1441 3448; baseline 0.001 -19"><span class='ocrx_word' id='word_1_142' title='bbox 490 3364 568 3430; x_wconf 90' lang='lat' dir='ltr'><strong>tiam</strong></span> <span class='ocrx_word' id='word_1_143' title='bbox 588 3364 649 3427; x_wconf 86' lang='lat' dir='ltr'><strong>sub</strong></span> <span class='ocrx_word' id='word_1_144' title='bbox 671 3377 830 3448; x_wconf 86' lang='lat' dir='ltr'><strong>proetextu</strong></span> <span class='ocrx_word' id='word_1_145' title='bbox 854 3363 1045 3427; x_wconf 87' lang='lat' dir='ltr'><strong>necessitatis</strong></span> <span class='ocrx_word' id='word_1_146' title='bbox 1065 3386 1132 3427; x_wconf 87' lang='lat' dir='ltr'><strong>suae</strong></span> <span class='ocrx_word' id='word_1_147' title='bbox 1152 3364 1302 3428; x_wconf 89' lang='lat' dir='ltr'><strong>dominus</strong></span> <span class='ocrx_word' id='word_1_148' title='bbox 1317 3390 1371 3429; x_wconf 85' lang='lat' dir='ltr'><strong>rex</strong></span> <span class='ocrx_word' id='word_1_149' title='bbox 1387 3390 1441 3430; x_wconf 89' lang='lat' dir='ltr'><strong>ex-</strong></span> 
     </span>
     <span class='ocr_line' id='line_1_24' title="bbox 490 3463 1439 3551; baseline 0 -22"><span class='ocrx_word' id='word_1_150' title='bbox 490 3477 624 3529; x_wconf 85' lang='lat' dir='ltr'><strong>cusaret.</strong></span> <span class='ocrx_word' id='word_1_151' title='bbox 663 3466 837 3540; x_wconf 86' lang='lat' dir='ltr'><strong>Caeterum,</strong></span> <span class='ocrx_word' id='word_1_152' title='bbox 853 3463 930 3550; x_wconf 89' lang='lat' dir='ltr'><strong>quia</strong></span> <span class='ocrx_word' id='word_1_153' title='bbox 944 3463 1105 3549; x_wconf 83' lang='lat' dir='ltr'><strong>publicani</strong></span> <span class='ocrx_word' id='word_1_154' title='bbox 1123 3464 1304 3543; x_wconf 87' lang='lat' dir='ltr'><strong>utilitatem,</strong></span> <span class='ocrx_word' id='word_1_155' title='bbox 1318 3490 1392 3551; x_wconf 90' lang='lat' dir='ltr'><strong>quae</strong></span> <span class='ocrx_word' id='word_1_156' title='bbox 1408 3469 1439 3529; x_wconf 93' lang='lat' dir='ltr'><strong>in</strong></span> 
     </span>
     <span class='ocr_line' id='line_1_25' title="bbox 489 3563 1441 3654; baseline 0.002 -25"><span class='ocrx_word' id='word_1_157' title='bbox 489 3564 625 3651; x_wconf 87' lang='lat' dir='ltr'><strong>negotiis</strong></span> <span class='ocrx_word' id='word_1_158' title='bbox 640 3563 759 3629; x_wconf 87' lang='lat' dir='ltr'><strong>domini</strong></span> <span class='ocrx_word' id='word_1_159' title='bbox 774 3566 857 3651; x_wconf 91' lang='lat' dir='ltr'><strong>regis</strong></span> <span class='ocrx_word' id='word_1_160' title='bbox 869 3569 1017 3645; x_wconf 90' lang='lat' dir='ltr'><strong>vertitur,</strong></span> <span class='ocrx_word' id='word_1_161' title='bbox 1029 3566 1163 3651; x_wconf 89' lang='lat' dir='ltr'><strong>privatae</strong></span> <span class='ocrx_word' id='word_1_162' title='bbox 1179 3565 1312 3631; x_wconf 88' lang='lat' dir='ltr'><strong>utilitati</strong></span> <span class='ocrx_word' id='word_1_163' title='bbox 1327 3570 1441 3654; x_wconf 86' lang='lat' dir='ltr'><strong>praefe-</strong></span> 
     </span>
     <span class='ocr_line' id='line_1_26' title="bbox 491 3668 1440 3755; baseline 0.003 -22"><span class='ocrx_word' id='word_1_164' title='bbox 491 3668 1440 3755; x_wconf 86' lang='lat' dir='ltr'><strong>rimus,voluntatemipsius,quamsemper,quatenuslicuit,</strong></span> 
     </span>
     <span class='ocr_line' id='line_1_27' title="bbox 491 3770 1441 3857; baseline 0 -22"><span class='ocrx_word' id='word_1_165' title='bbox 491 3784 524 3837; x_wconf 88' lang='lat' dir='ltr'><strong>et</strong></span> <span class='ocrx_word' id='word_1_166' title='bbox 544 3770 746 3857; x_wconf 89' lang='lat' dir='ltr'><strong>expediebat,</strong></span> <span class='ocrx_word' id='word_1_167' title='bbox 762 3782 880 3834; x_wconf 87' lang='lat' dir='ltr'><strong>nostrae</strong></span> <span class='ocrx_word' id='word_1_168' title='bbox 899 3771 1113 3856; x_wconf 73' lang='lat' dir='ltr'><strong>praetulimus,</strong></span> <span class='ocrx_word' id='word_1_169' title='bbox 1128 3772 1233 3836; x_wconf 87' lang='lat' dir='ltr'><strong>adhue</strong></span> <span class='ocrx_word' id='word_1_170' title='bbox 1249 3773 1441 3837; x_wconf 89' lang='lat' dir='ltr'><strong>sustinemus</strong></span> 
     </span>
     <span class='ocr_line' id='line_1_28' title="bbox 491 3872 1441 3960; baseline 0 -23"><span class='ocrx_word' id='word_1_171' title='bbox 491 3887 599 3939; x_wconf 89' lang='lat' dir='ltr'><strong>nostro</strong></span> <span class='ocrx_word' id='word_1_172' title='bbox 611 3872 835 3960; x_wconf 72' lang='lat' dir='ltr'><strong>praejudicasse</strong></span> <span class='ocrx_word' id='word_1_173' title='bbox 847 3872 1009 3951; x_wconf 90' lang='lat' dir='ltr'><strong>mandato,</strong></span> <span class='ocrx_word' id='word_1_174' title='bbox 1021 3876 1081 3939; x_wconf 87' lang='lat' dir='ltr'><strong>sub</strong></span> <span class='ocrx_word' id='word_1_175' title='bbox 1093 3898 1129 3939; x_wconf 91' lang='lat' dir='ltr'><strong>ea</strong></span> <span class='ocrx_word' id='word_1_176' title='bbox 1141 3888 1246 3939; x_wconf 89' lang='lat' dir='ltr'><strong>tamen</strong></span> <span class='ocrx_word' id='word_1_177' title='bbox 1261 3875 1441 3938; x_wconf 89' lang='lat' dir='ltr'><strong>conditione</strong></span> 
     </span>
     <span class='ocr_line' id='line_1_29' title="bbox 493 3977 1441 4062; baseline 0.001 -24"><span class='ocrx_word' id='word_1_178' title='bbox 493 3988 642 4062; x_wconf 86' lang='lat' dir='ltr'><strong>utquam</strong></span> <span class='ocrx_word' id='word_1_179' title='bbox 663 3977 727 4040; x_wconf 90' lang='lat' dir='ltr'><strong>cito</strong></span> <span class='ocrx_word' id='word_1_180' title='bbox 747 3977 881 4060; x_wconf 81' lang='lat' dir='ltr'><strong>gratiam</strong></span> <span class='ocrx_word' id='word_1_181' title='bbox 905 3979 975 4062; x_wconf 87' lang='lat' dir='ltr'><strong>ejus</strong></span> <span class='ocrx_word' id='word_1_182' title='bbox 997 3979 1141 4062; x_wconf 88' lang='lat' dir='ltr'><strong>potueris</strong></span> <span class='ocrx_word' id='word_1_183' title='bbox 1155 3978 1310 4052; x_wconf 89' lang='lat' dir='ltr'><strong>obtinere,</strong></span> <span class='ocrx_word' id='word_1_184' title='bbox 1328 3977 1368 4040; x_wconf 92' lang='lat' dir='ltr'><strong>ad</strong></span> <span class='ocrx_word' id='word_1_185' title='bbox 1385 4000 1441 4040; x_wconf 91' lang='lat' dir='ltr'><strong>nos</strong></span> 
     </span>
     <span class='ocr_line' id='line_1_30' title="bbox 493 4073 1441 4162; baseline 0 -23"><span class='ocrx_word' id='word_1_186' title='bbox 493 4074 597 4139; x_wconf 90' lang='lat' dir='ltr'><strong>redire</strong></span> <span class='ocrx_word' id='word_1_187' title='bbox 611 4096 674 4137; x_wconf 93' lang='lat' dir='ltr'><strong>non</strong></span> <span class='ocrx_word' id='word_1_188' title='bbox 686 4073 822 4139; x_wconf 86' lang='lat' dir='ltr'><strong>differas.</strong></span> <span class='ocrx_word' id='word_1_189' title='bbox 861 4079 905 4140; x_wconf 85' lang='lat' dir='ltr'><strong>Et</strong></span> <span class='ocrx_word' id='word_1_190' title='bbox 921 4077 981 4139; x_wconf 90' lang='lat' dir='ltr'><strong>hoc</strong></span> <span class='ocrx_word' id='word_1_191' title='bbox 992 4089 1055 4139; x_wconf 91' lang='lat' dir='ltr'><strong>tam</strong></span> <span class='ocrx_word' id='word_1_192' title='bbox 1068 4078 1244 4139; x_wconf 89' lang='lat' dir='ltr'><strong>necessitati</strong></span> <span class='ocrx_word' id='word_1_193' title='bbox 1257 4088 1334 4155; x_wconf 87' lang='lat' dir='ltr'><strong>tuae,</strong></span> <span class='ocrx_word' id='word_1_194' title='bbox 1345 4099 1441 4162; x_wconf 90' lang='lat' dir='ltr'><strong>quam</strong></span> 
     </span>
     <span class='ocr_line' id='line_1_31' title="bbox 461 4175 1441 4262; baseline 0.001 -23"><span class='ocrx_word' id='word_1_195' title='bbox 461 4248 462 4251; x_wconf 8' lang='grc' dir='ltr'><strong>Ἴ</strong></span> <span class='ocrx_word' id='word_1_196' title='bbox 493 4175 1441 4262; x_wconf 79' lang='lat' dir='ltr'><strong>voluntatiejusadpraesensindulgemus,veritipericulum</strong></span> 
     </span>
     <span class='ocr_line' id='line_1_32' title="bbox 494 4273 1441 4351; baseline 0 -9"><span class='ocrx_word' id='word_1_197' title='bbox 494 4291 599 4351; x_wconf 91' lang='lat' dir='ltr'><strong>tuum,</strong></span> <span class='ocrx_word' id='word_1_198' title='bbox 622 4273 647 4335; x_wconf 88' lang='lat' dir='ltr'><strong>si</strong></span> <span class='ocrx_word' id='word_1_199' title='bbox 670 4296 707 4335; x_wconf 95' lang='lat' dir='ltr'><strong>eo</strong></span> <span class='ocrx_word' id='word_1_200' title='bbox 729 4273 848 4335; x_wconf 85' lang='lat' dir='ltr'><strong>offenso</strong></span> <span class='ocrx_word' id='word_1_201' title='bbox 870 4275 1011 4337; x_wconf 89' lang='lat' dir='ltr'><strong>redieris.</strong></span> <span class='ocrx_word' id='word_1_202' title='bbox 1058 4278 1226 4340; x_wconf 87' lang='lat' dir='ltr'><strong>Timemus</strong></span> <span class='ocrx_word' id='word_1_203' title='bbox 1247 4279 1329 4342; x_wconf 87' lang='lat' dir='ltr'><strong>enirn</strong></span> <span class='ocrx_word' id='word_1_204' title='bbox 1353 4301 1392 4341; x_wconf 92' lang='lat' dir='ltr'><strong>ne</strong></span> <span class='ocrx_word' id='word_1_205' title='bbox 1417 4280 1441 4341; x_wconf 93' lang='lat' dir='ltr'><strong>si</strong></span> 
     </span>
     <span class='ocr_line' id='line_1_33' title="bbox 494 4371 1443 4465; baseline 0.002 -26"><span class='ocrx_word' id='word_1_206' title='bbox 494 4374 668 4463; x_wconf 89' lang='lat' dir='ltr'><strong>periculum</strong></span> <span class='ocrx_word' id='word_1_207' title='bbox 684 4371 805 4436; x_wconf 83' lang='lat' dir='ltr'><strong>amissae</strong></span> <span class='ocrx_word' id='word_1_208' title='bbox 821 4373 933 4455; x_wconf 73' lang='lat' dir='ltr'><strong>gratiae</strong></span> <span class='ocrx_word' id='word_1_209' title='bbox 949 4396 1006 4457; x_wconf 89' lang='lat' dir='ltr'><strong>pro</strong></span> <span class='ocrx_word' id='word_1_210' title='bbox 1027 4375 1118 4439; x_wconf 92' lang='lat' dir='ltr'><strong>nobis</strong></span> <span class='ocrx_word' id='word_1_211' title='bbox 1132 4376 1284 4452; x_wconf 88' lang='lat' dir='ltr'><strong>incurras,</strong></span> <span class='ocrx_word' id='word_1_212' title='bbox 1302 4402 1368 4441; x_wconf 89' lang='lat' dir='ltr'><strong>earn</strong></span> <span class='ocrx_word' id='word_1_213' title='bbox 1385 4402 1443 4465; x_wconf 91' lang='lat' dir='ltr'><strong>per</strong></span> 
     </span>
     <span class='ocr_line' id='line_1_34' title="bbox 495 4477 1443 4560; baseline 0.002 -20"><span class='ocrx_word' id='word_1_214' title='bbox 495 4500 552 4540; x_wconf 94' lang='lat' dir='ltr'><strong>nos</strong></span> <span class='ocrx_word' id='word_1_215' title='bbox 574 4496 759 4560; x_wconf 89' lang='lat' dir='ltr'><strong>recuperare</strong></span> <span class='ocrx_word' id='word_1_216' title='bbox 781 4495 842 4536; x_wconf 93' lang='lat' dir='ltr'><strong>non</strong></span> <span class='ocrx_word' id='word_1_217' title='bbox 873 4477 982 4557; x_wconf 85' lang='lat' dir='ltr'><strong>possis.</strong></span> <span class='ocrx_word' id='word_1_218' title='bbox 1030 4480 1145 4541; x_wconf 89' lang='lat' dir='ltr'><strong>Breves</strong></span> <span class='ocrx_word' id='word_1_219' title='bbox 1168 4480 1249 4542; x_wconf 90' lang='lat' dir='ltr'><strong>enim</strong></span> <span class='ocrx_word' id='word_1_220' title='bbox 1274 4495 1348 4544; x_wconf 91' lang='lat' dir='ltr'><strong>sunt</strong></span> <span class='ocrx_word' id='word_1_221' title='bbox 1376 4480 1443 4542; x_wconf 91' lang='lat' dir='ltr'><strong>dies</strong></span> 
     </span>
    </p>
   </div>
   <div class='ocr_carea' id='block_1_6' title="bbox 0 0 1959 5725">
    <p class='ocr_par' dir='ltr' id='par_1_6' title="bbox 0 0 1959 5725">
     <span class='ocr_line' id='line_1_35' title="bbox 0 0 1959 5725; baseline 0 0"><span class='ocrx_word' id='word_1_222' title='bbox 0 0 1959 5725; x_wconf 95' lang='lat' dir='ltr'><strong> </strong></span> 
     </span>
    </p>
   </div>
  </div>
 </body>
</html>
