3875 5725
415 849 610 928 1159-61.]
799 865 975 910 umsrotn.
1331 853 1372 912 65

410 1011 505 1077 beato
519 1013 677 1097 Eugenio,
688 1013 826 1100 quando,
840 1013 943 1099 prima
954 1013 1114 1100 legatione
1127 1014 1222 1081 missa
1232 1016 1265 1080 in
1278 1017 1367 1102 regni

410 1111 458 1177 sui
470 1113 571 1193 initio,
582 1115 663 1179 tanti
674 1116 740 1180 ausi
752 1116 986 1201 impudentiam
999 1129 1105 1181 tumor
1115 1116 1323 1184 intolerabilis
1334 1133 1369 1184 et

408 1213 517 1298 lingua
542 1216 670 1282 incauta
696 1217 826 1283 detexit.
862 1217 1074 1282 Promittebat
1099 1219 1185 1284 enim
1212 1242 1245 1285 se
1270 1221 1368 1285 totius

408 1316 493 1381 orbis
514 1318 759 1383 reformaturum
783 1319 965 1403 imperium,
986 1331 1019 1384 et
1041 1319 1112 1384 urbi
1131 1320 1365 1404 subjiciendum

407 1418 529 1494 orbem,
560 1431 742 1507 eventuque
779 1420 864 1484 facili
897 1421 1006 1486 omnia
1036 1421 1261 1500 subacturum,
1281 1424 1306 1487 si
1336 1423 1366 1487 ei

407 1517 447 1582 ad
470 1521 531 1584 hoc
553 1521 649 1585 solius
679 1520 816 1585 Romani
840 1522 998 1606 pontilicis
1021 1522 1109 1586 favor
1135 1524 1269 1588 adesset.
1324 1525 1364 1588 Id

406 1620 494 1682 enim
506 1627 632 1704 agebat,
644 1621 722 1685 utin
734 1643 971 1707 quemcumque
981 1623 1181 1688 denuncietis
1190 1625 1365 1689 inimicitiis

407 1721 606 1785 materialem
627 1723 769 1806 gladium
789 1723 971 1807 imperator,
988 1723 1020 1785 in
1040 1725 1179 1789 eundem
1200 1726 1365 1791 Romanus

407 1822 550 1906 pontifex
572 1823 769 1909 spiritualem
790 1823 932 1907 gladium
954 1837 1109 1888 exereret.
1148 1829 1221 1889 Non
1242 1827 1365 1891 invenit

406 1922 511 1987 adhuc
527 1925 582 2011 qui
598 1936 696 1990 tantae
709 1925 902 1989 consentiret
916 1925 1090 2012 iniquitati,
1102 1927 1234 2012 ipsoque
1250 1950 1364 2012 repug-

406 2036 503 2088 nante
533 2031 657 2112 Moyse,
680 2027 700 2090 i.
717 2049 744 2091 e.
769 2026 1006 2090 contradicente
1033 2027 1105 2110 lega
1132 2027 1276 2106 Domini,
1302 2028 1362 2090 Ba-

403 2126 567 2191 laamitam
578 2127 639 2192 sibi
650 2127 760 2192 ascivit
769 2126 964 2212 pontificem,
978 2149 1036 2213 per
1044 2150 1140 2214 quern
1157 2127 1363 2193 malediceret

404 2230 523 2314 populo
554 2229 696 2295 Domini.
736 2230 857 2294 Filium
888 2230 997 2316 itaque
1028 2229 1273 2305 maledictionis,
1306 2253 1363 2316 per

405 2332 496 2418 cujus
510 2333 774 2418 ¹designationem
802 2349 835 2396 et
867 2333 1133 2418 expectationem,
1157 2356 1215 2418 per
1246 2334 1363 2399 multas

403 2437 625 2519 successiones,
641 2460 659 2501 a
677 2436 787 2522 primis
807 2436 938 2500 familiae
957 2437 1101 2522 patribus
1121 2438 1162 2501 ad
1177 2439 1291 2523 ipsum,
1309 2439 1361 2502 cui

404 2541 634 2620 reservabatur,
650 2539 813 2604 maledicti
828 2539 1003 2604 derivatum
1025 2550 1072 2603 est
1088 2551 1120 2604 et
1136 2562 1313 2624 cognomen
1329 2555 1361 2605 et

404 2663 531 2707 nomen.
577 2645 623 2706 Et
651 2641 732 2705 forte
758 2640 798 2704 ad
825 2640 1046 2726 purgationem
1077 2653 1111 2704 et
1140 2642 1360 2727 probationem

404 2741 547 2806 ecclesiae
573 2743 740 2821 Romanae,
756 2742 1008 2805 Teutonicorum
1032 2742 1182 2827 impetus,
1206 2756 1360 2830 tanquam

405 2844 574 2908 Cananeus
588 2842 678 2921 alter,
690 2842 818 2905 relictus
833 2854 881 2906 est
895 2842 929 2904 in
945 2853 1114 2920 aeternum,
1130 2853 1166 2906 ut
1180 2867 1306 2929 semper
1319 2847 1360 2910 ad

403 2944 614 3009 eruditionem
634 2942 736 3027 ipsam
756 2942 922 3029 inquietet,
939 2943 1105 3029 victusque
1124 2957 1260 3023 corruat,
1278 2946 1360 3030 ipsa-

402 3069 465 3133 que
485 3046 606 3123 fortior‚
621 3044 740 3129 gratior
759 3057 792 3108 et
811 3043 976 3132 gloriosior
992 3045 1105 3129 Sponsi
1127 3045 1279 3110 reddatur
1291 3070 1360 3112 am-

400 3149 547 3234 plexibus
569 3160 639 3233 post
661 3147 868 3233 triumphurn.
916 3147 967 3212 Sic
994 3148 1034 3211 ad
1056 3148 1191 3232 gloriam
1219 3161 1356 3235 patrum,

400 3262 481 3316 teste
498 3249 847 3335 Lateranensipalatio,
858 3248 913 3313 ubi
929 3248 989 3313 hoc
1004 3250 1216 3315 invisibilibus
1226 3251 1359 3336 picturis

402 3363 435 3417 et
455 3352 529 3416 laici
550 3351 670 3437 legunt,
687 3350 728 3415 ad
750 3351 882 3435 gloriam
906 3363 1044 3435 patrum,
1059 3351 1262 3431 schismatici,
1278 3377 1358 3441 quos

400 3455 549 3520 secularis
562 3465 700 3541 potestas
715 3454 852 3532 intrusit,
865 3454 983 3518 dantur
997 3454 1201 3540 pontificibus
1216 3477 1273 3541 pro
1288 3479 1358 3521 sca-¹

397 3556 494 3639 bello,
505 3569 539 3621 et
552 3579 662 3621 eorum
678 3556 866 3619 memoriam
883 3556 1028 3620 recolunt
1038 3558 1155 3641 posteri
1171 3580 1228 3643 pro
1243 3558 1356 3623 trium-

398 3658 472 3744 phu.
498 3659 618 3723 Libera
629 3657 749 3722 debent
760 3680 827 3721 esse
839 3657 971 3741 judicia,
985 3670 1018 3722 et
1033 3659 1175 3745 quisquis
1186 3682 1224 3723 ea
1236 3660 1355 3725 viribus

396 3760 509 3826 nititur
524 3760 720 3847 perturbare,
732 3759 899 3845 capitalem
916 3760 957 3824 ab
969 3762 1108 3847 antiquis
1123 3762 1355 3825 constitutioni·

397 3863 458 3927 bus
472 3875 614 3927 meretur
632 3883 770 3948 poenam.
796 3861 895 3926 Porro
918 3862 1130 3927 ecclesiastica
1144 3862 1264 3928 debent
1285 3883 1360 3929 esse¹

396 3964 570 4042 liberrima,
593 3976 626 4029 et
649 3966 689 4028 de
712 3985 871 4028 sacrorum
896 3985 1053 4027 canonum
1075 3964 1248 4041 sanctione,
1271 3965 1352 4030 sicut

394 4068 509 4131 electio
523 4068 656 4153 pastoris
668 4079 716 4131 est
729 4066 762 4130 in
778 4065 911 4129 ecclesia
927 4065 1037 4143 libere,
1050 4077 1083 4129 et
1097 4066 1164 4130 sine
1179 4066 1352 4133 mundanae

396 4170 560 4254 potestatis
586 4167 870 4254 praenominatione
892 4166 1093 4243 celebranda,
1114 4165 1159 4230 sic
1181 4166 1294 4231 eadem
1317 4169 1351 4233 in

394 4267 529 4333 ecclesia
550 4292 569 4332 a
586 4271 748 4354 judicibus
771 4268 1001 4344 ecclesiasticis,
1018 4267 1132 4331 amotis
1154 4268 1349 4334 secularibus

394 4369 651 4456 terribilibusque
667 4371 817 4458 personis,
830 4373 1005 4436 secundum
1022 4370 1147 4455 regulas
1161 4369 1348 4433 ecclesiasti·

395 4494 447 4536 cas
458 4470 669 4535 examinanda
680 4483 743 4535 est:
767 4472 920 4557 quicquid
932 4494 1007 4535 vero
1018 4483 1128 4536 contra
1138 4470 1349 4555 praesumitur,

439 4594 510 4639 VOL.
534 4595 557 4638 l.
876 4594 894 4636 1¹*
