3875 5725
497 871 690 950 risa—61]
875 889 1058 936 sarstono.
1400 877 1442 934 93

493 1036 642 1116 ecelesiae,
667 1039 820 1124 quamdiu
852 1041 904 1104 alii
935 1040 965 1103 in
998 1040 1117 1103 inflicta
1143 1038 1202 1102 sibi
1231 1040 1443 1125 suspensionis

493 1135 647 1200 sententia
672 1139 877 1224 perstiterint.
925 1141 1020 1216 Quod
1046 1141 1074 1203 si
1100 1140 1181 1202 banc
1207 1154 1344 1203 nostram
1371 1163 1445 1203 con-

493 1238 676 1322 tempserint
699 1241 931 1313 auctoritatem,
949 1240 1154 1326 praecipimus
1175 1253 1211 1303 ut
1233 1263 1304 1302 cum
1328 1239 1443 1304 litteris

492 1338 607 1402 nostris
632 1339 751 1402 adeatis
778 1340 988 1404 venerabilem
1015 1341 1145 1404 fratrem
1171 1352 1315 1404 nostrum
1344 1342 1444 1404 Here-

492 1435 670 1501 sordensem
694 1439 889 1524 episcopum,
913 1453 944 1504 et
965 1453 1199 1525 contemptores
1220 1451 1339 1504 sanctae
1362 1441 1444 1505 (lan-

494 1539 660 1602 tuariensis
673 1540 812 1603 ecclesiae
826 1540 948 1605 faciatis
963 1540 1092 1624 publice
1107 1540 1385 1605 excommunicari.

679 1871 901 1934 EPISTOLA
926 1872 1116 1934 LXX.-an
1132 1890 1258 1934 aucun.

826 2005 907 2085 Περὶ
921 2004 1109 2086 Anylorum.

540 2135 679 2198 Aunrrn
696 2136 839 2222 undique
857 2137 1017 2202 collisione
1039 2160 1220 2222 regnorum,
1235 2151 1266 2201 et
1282 2160 1443 2224 emergen-

496 2235 582 2298 tibus
597 2237 687 2301 novis
703 2261 805 2302 rerum
823 2238 945 2322 figuris,
957 2253 989 2303 et
1005 2239 1290 2303 increbescentibus
1305 2262 1324 2303 a
1338 2255 1445 2306 nostra

495 2336 663 2423 iniquitate
687 2341 785 2420 malis,
807 2342 1002 2425 praecipuam
1029 2341 1069 2404 de
1096 2341 1197 2404 salute
1221 2357 1336 2416 vestra,
1359 2344 1444 2408 unde

497 2451 543 2502 tot
566 2445 754 2526 populorum
778 2442 863 2506 salus
884 2456 943 2520 est,
966 2443 1167 2528 concepimus
1189 2443 1444 2523 sollicitudinem,

495 2560 569 2622 quae
590 2563 686 2625 super
708 2542 867 2626 flagellum
894 2542 1034 2620 Domini,
1050 2566 1115 2628 quo
1137 2566 1194 2629 per
1216 2548 1350 2628 gratiam
1375 2548 1445 2631 ejus

494 2635 696 2721 flagellantur
710 2643 740 2706 in
757 2665 898 2728 corpore,
915 2643 965 2705 die
981 2655 1142 2728 noctuque
1157 2643 1267 2728 affligit
1283 2646 1314 2708 in
1332 2657 1445 2712 mente.

498 2740 592 2803 Unde
603 2742 746 2824 cogimur
758 2756 875 2807 statum
887 2757 1026 2807 vestrum
1040 2745 1256 2827 pernumium
1269 2746 1445 2831 explorare,

496 2840 636 2923 quicum
649 2841 675 2903 si
687 2841 754 2905 lieri
765 2863 881 2927 posset,
892 2841 1057 2905 mallemus
1067 2843 1307 2928 presentialiter
1316 2846 1444 2911 intueri.

497 2939 705 3005 Meminimus
720 2956 824 3006 autem
842 2966 899 3006 nos
913 2944 1003 3007 vobis
1024 2943 1229 3029 supplicasse,
1247 2960 1282 3009 ut
1298 2945 1444 3024 salutem,

496 3065 596 3127 quum
614 3045 813 3129 praesentiam
831 3056 962 3108 vestram
985 3044 1106 3109 malitia
1127 3045 1278 3131 temporis
1291 3046 1443 3123 invideat,

496 3144 750 3210 archidiaconum
790 3161 945 3224 nostrum,
976 3151 1032 3233 qui
1063 3147 1154 3210 nobis
1182 3150 1296 3211 unicus
1324 3163 1381 3223 est,
1411 3164 1443 3215 et

496 3246 617 3309 consilii
632 3248 731 3311 nostri
748 3252 871 3333 primus
886 3248 990 3314 redire
1005 3248 1241 3332 permitteretis.
1279 3249 1444 3316 Debuerat

495 3347 576 3410 enim
588 3350 709 3413 venisse
724 3372 786 3414 non
799 3363 940 3427 vocatus,
949 3350 1119 3437 fueratque
1133 3349 1356 3415 inobedientiae
1371 3366 1444 3417 ante

494 3451 669 3514 Dominum
700 3465 731 3515 et
758 3451 900 3516 homines
926 3453 1121 3536 arguendus,
1149 3451 1209 3514 nisi
1238 3474 1313 3515 eum
1340 3465 1444 3517 vestra

493 3552 659 3616 necessitas
681 3566 858 3618 excusaret.
905 3555 967 3617 Sed
992 3557 1068 3640 quia
1091 3554 1286 3618 voluntatem
1307 3567 1442 3618 vestram

494 3666 610 3718 nostrae
631 3678 753 3741 semper
774 3656 985 3741 praetulimus,
1004 3674 1035 3720 et
1056 3670 1215 3742 quatenus
1232 3655 1356 3718 licuerit
1373 3678 1444 3740 pro-

494 3753 576 3819 ferre
601 3756 811 3832 decrevimus,
836 3758 898 3842 ipsi
925 3758 1011 3843 quod
1036 3756 1170 3839 deliquit
1200 3777 1257 3839 pro
1282 3755 1444 3821 voluntate

495 3869 596 3921 vestra
618 3857 842 3942 indulgemus:
868 3858 1020 3933 volentes,
1037 3869 1185 3942 utquam
1202 3855 1258 3918 din
1275 3855 1443 3922 necessitas

495 3959 647 4045 exegerit,
662 3962 788 4025 insistat
810 3959 964 4045 obsequio
981 3972 1098 4033 vestro,
1116 3971 1147 4020 et
1171 3969 1208 4020 ut
1232 3969 1330 4020 totam
1347 3956 1441 4022 fidem

496 4079 582 4123 suam
609 4074 641 4125 et
663 4060 853 4125 industriam
880 4058 1057 4123 necessitati
1080 4068 1193 4121 vestrae
1218 4058 1444 4139 accommodet,

497 4161 712 4242 praecipimus3
732 4164 778 4227 ita
794 4182 898 4228 tamen
917 4176 951 4225 ut
968 4183 1062 4247 quam
1079 4160 1141 4224 cito
1156 4159 1323 4245 potueritis
1338 4183 1443 4225 carere

498 4284 547 4336 eo,
561 4265 675 4344 ipsum,
692 4265 718 4327 si
737 4263 852 4346 placet,
868 4263 971 4327 redire
990 4262 1192 4349 permittatis.
1238 4262 1320 4324 Nam
1337 4277 1368 4325 et
1384 4285 1443 4345 ego

497 4361 574 4445 ipse,
596 4384 691 4445 quem
713 4365 924 4428 misericordia
949 4362 1077 4428 Domini
1099 4362 1212 4426 afflixit
1233 4362 1326 4437 lecto,
1347 4361 1441 4424 etiam

497 4486 568 4527 cum
592 4462 773 4547 temporalis
789 4464 863 4527 vitae
883 4464 1059 4548 dispendio,
1077 4465 1205 4548 negotia
1220 4476 1323 4525 vestra
1344 4461 1442 4525 bben-
