3875 5725
552 829 613 888 150
819 841 954 887 romnus
970 839 1252 886 sanassnmsnsrs
1410 824 1505 903 [nn.

554 991 762 1058 contumaciae
777 1013 854 1067 suae,
871 1003 902 1055 et
923 990 1146 1055 inobedientiae
1161 992 1267 1078 culpa,
1281 1013 1377 1077 quam
1393 991 1507 1055 beatus

558 1094 754 1160 Benedictus
765 1092 797 1155 in
807 1092 1005 1156 monasteriis
1016 1093 1108 1156 docet
1124 1095 1246 1156 caeteris
1261 1092 1509 1178 acriuspunien-

556 1195 651 1268 dam;
676 1207 706 1258 et
729 1215 826 1279 quam
847 1206 916 1257 tota
937 1193 1018 1256 fides
1042 1192 1218 1269 Catholica,
1241 1206 1273 1256 et
1296 1194 1397 1256 omnis
1413 1192 1510 1256 eccle-

556 1301 683 1362 siastica
697 1295 876 1380 disciplina,
891 1294 984 1381 quasi
999 1294 1100 1359 scelos
1115 1294 1304 1358 idololatriae
1321 1293 1510 1359 detestatur,

562 1395 708 1468 Tandem
725 1394 866 1457 conversi
881 1395 922 1457 ad
938 1417 992 1458 cor
1007 1394 1048 1458 ab
1063 1395 1179 1460 abbate
1199 1417 1267 1470 suo,
1284 1416 1378 1479 quem
1399 1393 1510 1458 multis

557 1497 684 1583 injuriis
699 1509 731 1561 et
747 1497 966 1561 vexationibus
981 1497 1123 1582 graviter
1137 1497 1293 1572 laeserant,
1309 1497 1423 1560 saniori
1437 1520 1511 1560 con-

558 1597 628 1664 silio
645 1600 707 1679 usi,
721 1598 873 1683 prostrati
888 1599 927 1662 ad
945 1602 1043 1685 pedes
1057 1599 1137 1690 ejus,
1151 1600 1274 1663 veniam
1291 1599 1463 1685 petierunt,
1478 1612 1510 1662 et

559 1702 804 1766 satisfactionem
817 1701 1051 1786 promittentes,
1062 1702 1213 1766 restituto
1228 1701 1405 1787 privilegio,
1423 1700 1510 1786 qnod

558 1828 578 1868 a
592 1804 756 1890 majestate
767 1803 885 1866 viciose
897 1802 1102 1887 suggestione
1113 1802 1329 1877 obtinuerant,
1342 1802 1510 1866 interveni-

557 1907 686 1970 entibus
707 1904 810 1980 nobis,
833 1915 864 1967 et
887 1902 1121 1967 venerabilibus
1144 1902 1218 1966 viris
1233 1903 1287 1988 qui
1311 1903 1452 1983 aderant,
1468 1904 1509 1968 G.

559 2006 704 2070 Roffensi
725 2007 884 2092 episcopo,
909 2005 1062 2068 Silvestro
1083 2003 1199 2067 abbate
1223 2005 1255 2069 S.
1272 2003 1456 2087 Augustini,
1477 2005 1510 2067 in

558 2108 659 2192 ipsius
669 2109 804 2191 gratiam
817 2108 936 2191 recepti
949 2121 1033 2184 sunt,
1048 2119 1079 2168 et
1091 2105 1134 2168 sic
1150 2106 1317 2169 concordia
1331 2106 1511 2172 reformata.

563 2213 609 2274 Et
640 2209 716 2293 quio
740 2208 887 2274 cellulam
910 2208 1098 2273 Malverniae
1120 2207 1258 2273 ecclesiae
1284 2209 1510 2273 Westmonast.

559 2310 653 2396 pleno
663 2309 738 2393 jure
750 2309 790 2373 ab
800 2308 891 2372 initio
900 2320 1024 2372 constat
1039 2330 1105 2371 esse
1116 2307 1303 2393 subjectam,
1316 2308 1511 2375 excellentia

560 2422 674 2472 vestrae
706 2431 813 2495 preces
842 2409 1047 2493 porrigimus,
1069 2422 1217 2493 rogantes
1237 2431 1278 2471 ne
1307 2421 1416 2473 contra
1438 2432 1511 2473 con·

559 2509 760 2573 suetudinem
787 2508 929 2572 omnium
956 2506 1228 2583 monasteriorum,
1256 2532 1323 2572 eam
1347 2510 1513 2595 patiamini-

555 2613 629 2698 jure
644 2633 701 2675 suo
721 2610 852 2698 privari,
868 2623 899 2675 et
914 2612 1026 2698 justas¹
1040 2611 1210 2697 petitiones
1232 2611 1367 2690 abbatis,
1387 2612 1428 2677 de
1447 2636 1515 2698 quo

561 2713 690 2779 meliora
706 2735 879 2799 speramus,
894 2711 1138 2778 misericorditer
1151 2713 1296 2778 audiatis.

560 2889 785 2954 EPISTOLA
811 2885 957 2953 Cl-An
980 2906 1164 2952 unnnrcuru
1185 2908 1330 2958 nerscor.
1351 2909 1513 2957 wrrrronr-

854 3009 983 3062 auson,
999 2990 1079 3070 [an.
1097 2992 1211 3072 lton]

745 3108 928 3185 Tlreobaldi,
945 3107 1101 3188 Episcopo
1121 3109 1342 3172 Wintoniensi.

607 3228 720 3290 SuPnn
740 3222 957 3286 incolumitate
980 3235 1095 3301 vestra,
1117 3244 1214 3306 quam
1232 3246 1251 3286 a
1266 3224 1385 3289 nuntiis
1400 3225 1515 3288 restris

560 3325 749 3410 accepimus,
771 3322 917 3385 laetamur
939 3320 1126 3404 plurimum,
1142 3323 1196 3386 sed
1220 3324 1260 3387 de
1276 3348 1312 3387 en
1332 3326 1448 3389 mentis
1465 3326 1512 3386 in-

561 3426 804 3509 tegritate,quae
816 3444 921 3485 rerum
934 3421 1050 3485 damna
1061 3445 1123 3486 non
1133 3424 1240 3500 sentit,
1252 3424 1510 3510 congratulamur

560 3523 723 3590 Altissimo
735 3525 890 3587 bonorum
906 3522 1049 3585 omnium
1062 3522 1216 3608 largitori.
1249 3525 1365 3588 Gravis
1381 3524 1511 3609 quidem

561 3627 666 3695 fuerat
696 3626 736 3690 de
761 3647 864 3689 rerum
890 3625 1019 3711 jactura
1040 3625 1185 3703 tentatio,
1208 3626 1233 3689 si
1256 3650 1319 3691 non
1341 3630 1374 3691 in
1396 3628 1511 3690 sortem

562 3728 703 3795 animum
719 3726 896 3801 incidisset3
921 3749 1030 3790 verum
1046 3724 1204 3791 fortitudo
1218 3728 1334 3792 clarius
1348 3727 1513 3809 elucescet,

563 3843 588 3907 si
609 3831 824 3899 tribulationis
845 3833 918 3915 igne
940 3829 1075 3915 probata
1097 3828 1225 3894 redierit
1246 3830 1286 3894 ad
1308 3831 1402 3908 ovile,
1426 3831 1513 3917 quod

562 3968 603 4009 ex
619 3933 755 4025 pastoris
770 3931 911 3996 absentia
925 3930 1143 3999 insidiantium
1159 3933 1314 3999 morsibus
1329 3946 1427 4019 patet.
1444 3937 1513 3998 Neo

562 4056 624 4121 est,
639 4037 754 4101 dilecta
777 4035 886 4111 frater,
909 4034 997 4120 quod
1020 4057 1075 4099 ros
1096 4035 1211 4098 amodo
1233 4034 1333 4098 vereri
1355 4048 1513 4120 oporteat,

562 4162 664 4233 quum
679 4138 746 4221 ipse
757 4158 815 4199 rex
826 4135 1001 4200 adventum
1015 4149 1153 4201 vestrum
1167 4135 1336 4215 desideret,
1348 4151 1380 4202 et
1392 4161 1514 4226 pacem,

563 4262 594 4314 et
610 4240 809 4310 securitatem
833 4238 1046 4301 omnimodam
1069 4240 1282 4324 repromittat,
1305 4253 1337 4304 et
1353 4263 1393 4305 ne
1415 4241 1455 4305 de
1477 4265 1513 4305 ea

562 4344 688 4440 possitis
709 4338 819 4425 aliqua
840 4339 961 4430 ratione
984 4339 1143 4416 dubitare,
1160 4346 1276 4407 eumin
1293 4364 1390 4409 manu
1407 4359 1516 4412 nostru

564 4452 715 4540 cepimus,
743 4441 894 4516 ducatum
925 4442 1015 4508 robis
1044 4441 1167 4521 dantes,
1197 4468 1217 4509 a
1238 4446 1318 4514 mari
1347 4470 1447 4541 usque
1473 4444 1514 4509 ad
