3875 5725
435 834 629 913 lisa-ot]
816 851 994 898 nvisronm.
1342 837 1380 897 at

432 1004 497 1085 sed,
507 1004 593 1088 quod
607 1017 763 1088 pastorem
777 1003 878 1085 decet,
891 1024 1034 1088 quaerere
1051 1000 1183 1066 salntem
1196 998 1384 1067 animarum.

434 1108 526 1171 Nosti
549 1105 706 1190 siquidem
729 1105 817 1190 quod
835 1119 867 1169 et
885 1102 984 1188 seculi
1007 1108 1093 1188 leges
1114 1125 1168 1168 eos
1186 1104 1385 1169 acerbissime

432 1207 581 1294 puniunt,
592 1209 660 1292 lege
677 1208 700 1269 J
704 1206 768 1270 ulia
782 1207 1046 1292 repetundarum,
1058 1207 1113 1292 qui
1129 1206 1162 1270 in
1177 1207 1331 1272 faciendis
1345 1229 1386 1271 ex

431 1311 544 1387 officio,
561 1310 610 1373 vel
627 1332 688 1373 non
705 1308 867 1385 faciendis,
884 1309 1048 1373 sordidum
1071 1321 1235 1372 sectantur
1249 1309 1387 1372 lucrum.

434 1413 495 1481 Sed
512 1427 544 1477 et
559 1434 693 1476 canones
716 1410 854 1496 praelatis
871 1411 1019 1475 omuibus
1041 1408 1161 1475 ordinis
1181 1425 1212 1475 et
1228 1409 1322 1474 officii
1337 1409 1388 1473 sui

432 1512 608 1594 periculum
621 1510 782 1594 infligunt,
795 1511 851 1596 qui
864 1510 1071 1575 interdictum
1087 1510 1238 1595 subjectis
1249 1509 1386 1574 officium

432 1614 535 1697 pretio
551 1624 681 1696 accepto
701 1625 758 1675 aut
778 1613 933 1695 promisso
953 1613 1139 1676 restituunt.
1184 1614 1275 1694 Ergo
1295 1613 1385 1677 utin

434 1730 491 1776 tua
506 1713 675 1776 sedulitate
690 1712 887 1795 glorificetur
904 1716 1003 1790 Deus,
1018 1725 1050 1775 et
1069 1726 1162 1777 tuum
1179 1712 1388 1776 ministerium

434 1814 618 1891 honoretur,
632 1826 747 1877 excute
759 1834 872 1875 manus
883 1827 956 1876 tuas
971 1836 989 1875 a
1005 1811 1152 1876 sordibus
1167 1828 1198 1874 et
1214 1811 1388 1890 calumniis,

435 1938 474 1978 ne
496 1914 633 1980 officium
651 1913 782 1998 judicis,
804 1913 888 1996 qnod
913 1913 1011 1978 tibia
1026 1912 1165 1979 Domino
1185 1913 1393 2000 commissum?
1429 1904 1434 1915 ¹

436 2030 496 2094 est,
513 2015 737 2101 negotiationis
752 2016 872 2101 species
888 2015 1043 2081 videatur.

446 2350 685 2414 EPISTOLA
708 2348 936 2412 LXIX—an
952 2369 1139 2413 aviscovnu
1154 2367 1380 2413 ousvaausnu.

748 2484 887 2547 Domino
905 2486 1076 2548 Cestrenst.

479 2603 558 2695 Qun
577 2617 785 2703 perniciosius
809 2616 942 2692 laedunt,
964 2630 996 2680 et
1015 2616 1177 2681 ecclesiam
1198 2618 1389 2683 immundio-

439 2721 527 2782 ribus
546 2718 694 2781 sordibus
710 2717 872 2802 polluunt,
888 2740 927 2781 ex
942 2716 1045 2779 officio
1064 2718 1214 2802 pastorali
1237 2718 1391 2783 debemus

438 2819 541 2885 acrius
553 2820 713 2904 persequi,
723 2831 756 2882 et
767 2840 785 2881 a
797 2817 892 2881 domo
905 2817 1037 2880 Domini
1047 2817 1184 2883 validius
1194 2818 1391 2905 propulsare.

439 2923 474 2989 Si
504 2920 634 3007 quidem
666 2934 697 2983 et
729 2942 785 2983 nos
815 2942 854 2981 ex
885 2939 1038 2981 consensu
1064 2918 1158 3004 culpa
1188 2919 1391 2986 subditorum

439 3026 584 3099 involvit,
601 3035 633 3086 et
647 3044 717 3086 reos
732 3020 889 3085 convincit
909 3032 983 3082 ante
1005 3021 1192 3098 Dominum,
1206 3020 1267 3084 nisi
1281 3042 1389 3086 eorum

438 3127 565 3202 delicta,
581 3146 683 3209 quum
698 3121 851 3198 valemus,
867 3118 1082 3187 studuerimus
1096 3120 1273 3185 emendare.
1319 3121 1391 3186 Me·

438 3228 589 3293 minimus
604 3240 709 3291 autem
727 3248 782 3288 vos
796 3246 854 3311 per
870 3223 1011 3287 Alanum
1028 3222 1069 3287 de
1089 3222 1220 3302 Wilnai,
1234 3222 1390 3290 archidia-

438 3329 524 3394 conis
539 3343 570 3394 et
587 3328 728 3404 decanis,
743 3335 776 3390 et
789 3324 978 3388 officialibus
994 3324 1238 3390 conventrensis
1252 3326 1391 3394 ecclesie

438 3432 556 3515 scripta
585 3441 693 3495 nostra
722 3427 841 3491 misisse
870 3426 912 3490 ad
942 3426 1178 3492 convellendam
1210 3427 1390 3513 pestiferam

438 3532 575 3596 radicem
607 3528 792 3593 Simoniacae
829 3528 1009 3614 pravitatis
1040 3551 1114 3612 quae
1144 3532 1175 3593 in
1205 3529 1390 3615 episcopatu
1416 3543 1421 3551 '

440 3634 630 3699 Cioestrensi
644 3632 685 3696 de
705 3655 788 3696 novo
802 3630 921 3694 dicitur
940 3630 1128 3714 germinare.
1175 3633 1256 3695 Nam
1274 3633 1393 3712 vicarii,

441 3738 530 3801 utin
569 3734 708 3800 ecclesiis
744 3732 968 3811 admittantur,
1008 3730 1124 3815 singuli
1162 3751 1215 3793 xrr
1249 3731 1394 3798 denarios

440 3853 598 3924 coguntur
620 3835 794 3909 exsolvere,
810 3844 842 3896 et
865 3833 945 3895 hanc
967 3831 1133 3915 redempta
1155 3830 1393 3918 quodammodo

441 3940 581 4003 Domino
597 3932 812 4002 sanctificandi
828 3932 965 4008 licentia,
975 3953 1111 3994 annuam
1124 3929 1277 3995 ministris
1287 3930 1395 4017 potius

443 4040 590 4104 Sathanae
620 4058 715 4125 quam
746 4031 897 4108 ecclesiae,
925 4032 1045 4094 solvere
1074 4033 1265 4117 pensionem.
1324 4036 1394 4102 Hoc

442 4152 547 4203 antem
576 4139 713 4226 amplius
742 4135 809 4201 fieri
840 4136 900 4200 sub
929 4134 1130 4197 anathemate
1159 4133 1394 4220 prohibuimus,

444 4241 603 4303 tradentes
626 4241 774 4305 Sathanae
798 4236 934 4325 principi
957 4259 1016 4299 suo
1031 4258 1095 4314 eos,
1111 4238 1169 4323 qui
1190 4235 1271 4301 hanc
1294 4238 1395 4302 Simo-

444 4331 564 4401 niacam
580 4338 767 4421 pravitatem
784 4338 919 4403 ulterius
934 4334 1139 4402 exercebunt.
1181 4336 1396 4419 Proecepimus

444 4435 682 4503 archidiaconos
698 4452 728 4502 et
752 4440 912 4503 ministros
933 4461 1042 4501 eorum
1067 4436 1207 4521 antiquis
1227 4448 1395 4509 consuetu-
