3875 5725
555 849 615 906 134
812 861 949 904 Jonnms
966 859 1242 903 snnnssnnransrs
1409 841 1455 920 [A.
1471 861 1505 903 n.

552 1036 630 1077 num
647 1014 746 1076 totins
762 1011 862 1075 divini
886 1023 917 1074 et
943 1009 1073 1075 humani
1095 1009 1190 1095 juriS,
1206 1022 1238 1072 et
1265 1009 1407 1072 omnium
1434 1033 1508 1095 quoe

554 1128 675 1181 statuta
697 1128 770 1178 sunt
791 1114 832 1176 ab
853 1113 952 1177 initio.
1002 1113 1112 1198 lpsnm
1135 1115 1248 1175 invoco
1271 1125 1395 1187 testem,
1411 1135 1507 1199 quem

554 1217 649 1281 velim
671 1216 767 1279 nolim
793 1215 963 1280 habiturus
986 1237 1057 1278 snm
1077 1212 1233 1297 judicem,
1248 1214 1326 1300 quia
1349 1237 1389 1276 ex
1411 1215 1509 1278 animi

554 1322 615 1383 mei
640 1319 839 1397 conscientia,
855 1332 890 1382 tu
914 1340 971 1380 nec
993 1330 1081 1381 actor
1105 1317 1203 1402 hujus
1220 1316 1309 1380 verbi
1333 1317 1434 1397 fuisti,
1450 1341 1509 1382 nec

554 1433 751 1507 procurator,
765 1423 862 1483 immo
878 1441 934 1482 uec
950 1417 1104 1491 conscius,
1118 1431 1151 1481 et
1167 1430 1202 1481 nt
1218 1417 1375 1482 vocationi
1391 1418 1509 1482 diviuae

556 1520 697 1586 securius
723 1520 919 1606 adquiescas,
945 1520 1012 1583 sine
1042 1516 1299 1604 archiepiscopus
1327 1543 1387 1605 pro
1413 1522 1510 1584 verbo

554 1624 615 1687 hoc
639 1623 768 1686 domino
791 1622 860 1706 regi
883 1621 1056 1707 scripserit,
1077 1621 1142 1684 sine
1166 1644 1227 1684 non
1253 1622 1426 1707 scripserit,
1446 1624 1510 1687 scio

556 1726 632 1811 quia
654 1725 708 1788 ille
730 1725 850 1789 litteras
872 1724 972 1809 hujus
994 1747 1056 1787 non
1080 1725 1227 1808 suscepit.
1272 1724 1510 1791 Sollicitabatnr

557 1827 685 1912 quidem
704 1847 762 1912 pro
777 1827 844 1889 filio
861 1826 1035 1911 Hardingi,
1051 1829 1108 1910 qni
1125 1825 1245 1890 utinam
1262 1825 1310 1889 vir
1325 1827 1511 1914 episcopalis

555 1940 646 2003 esset,
671 1930 724 1993 sed
753 1952 810 1992 nec
839 1931 965 1993 Simone
991 1927 1181 2014 impellente,
1205 1950 1263 1991 nec
1285 1927 1512 1994 inducentibus

560 2032 694 2095 Giezitis
708 2032 814 2117 patuit
829 2030 985 2109 inclinari,
1003 2030 1085 2094 utin
1109 2030 1212 2094 alieno
1235 2031 1423 2115 compendio
1447 2031 1512 2096 dis·

556 2135 709 2218 pendium
733 2134 849 2197 faceret
877 2137 990 2197 animre
1015 2156 1091 2196 snae.
1138 2133 1189 2195 Sic
1214 2133 1373 2219 repulsam
1398 2157 1511 2219 passus

559 2248 606 2299 est
622 2233 707 2300 filius
724 2235 883 2318 Hardingi
897 2236 992 2299 modo
1006 2235 1134 2320 quidem
1148 2235 1283 2298 dicendo
1294 2236 1510 2321 potiusquam

558 2337 744 2410 scribendo,
785 2338 829 2401 ita
857 2350 961 2400 tamen
989 2351 1025 2400 ut
1054 2337 1184 2400 alterins
1210 2337 1239 2399 ei
1268 2337 1412 2401 beneficii
1439 2359 1512 2422 spes

558 2442 792 2524 relinqueretur
822 2441 999 2518 incolumis,
1025 2439 1091 2519 sed,
1117 2443 1183 2507 sive
1213 2453 1248 2503 tn
1280 2439 1418 2526 epuleris
1444 2441 1509 2504 sire

559 2563 633 2619 non,
657 2543 801 2606 moriaris
827 2555 883 2606 ant
907 2546 1004 2621 vivas,
1026 2541 1079 2604 ille
1101 2564 1277 2626 numquam
1303 2565 1378 2626 rege
1403 2555 1511 2606 nostro

558 2656 689 2706 auctore
717 2644 776 2708 erit
803 2646 979 2730 episcopus.
1027 2643 1186 2719 Profecto,
1213 2657 1249 2707 nt
1276 2643 1430 2724 creditur,
1456 2642 1510 2706 sed

559 2764 616 2806 nec
634 2742 784 2824 Domino,
800 2748 877 2834 qnia
893 2770 1016 2834 semper
1033 2748 1121 2810 uisus
1138 2758 1185 2809 est
1201 2759 1311 2810 contra
1326 2745 1511 2821 Dominum,

560 2857 591 2939 et
607 2868 666 2929 pro
682 2848 801 2913 viribus
818 2849 893 2927 suis,
909 2867 965 2915 ant
981 2871 1124 2924 snorum,
1135 2871 1244 2913 omnes
1260 2846 1402 2911 turbavit
1418 2847 1514 2912 eccle-

560 2947 631 3011 sias.
671 2947 841 3017 Consnluit
854 2977 903 3016 me
915 2953 1066 3037 magister
1080 2950 1137 3016 W.
1150 2950 1270 3014 archid.
1285 2973 1345 3035 per
1356 2953 1512 3015 Bosonem

562 3048 678 3114 socium
697 3076 802 3133 snum,
816 3068 849 3119 et
871 3054 1070 3139 dispositioni
1093 3052 1222 3131 diviuae,
1237 3050 1389 3115 adhibitis
1411 3050 1512 3127 sociis,

525 3143 527 3147 ¹
560 3172 641 3235 qnos
657 3155 786 3237 poterit,
803 3157 931 3221 sedulus
946 3155 1139 3241 adquiescet.
1176 3154 1227 3217 Sic
1242 3166 1273 3217 et
1292 3154 1334 3218 R.
1349 3152 1390 3216 de
1406 3152 1513 3216 Lime-

562 3250 659 3329 sh'eia,
676 3279 749 3319 sane
771 3261 797 3321 si
820 3256 1004 3321 electionem
1027 3270 1127 3334 tuam,
1144 3255 1231 3342 quod
1257 3269 1361 3320 tamen
1385 3267 1514 3320 auctore

563 3352 702 3417 Domino
725 3379 785 3419 non
813 3372 976 3443 poterunt,
1000 3358 1108 3443 aliquo
1130 3356 1226 3420 modo
1253 3367 1382 3441 possent
1408 3355 1513 3420 amuli

563 3452 728 3538 impedire,
744 3456 821 3519 nibil
844 3480 952 3521 eorum
976 3481 1051 3545 quae
1072 3456 1192 3533 volent,
1207 3457 1358 3535 facerent,
1373 3456 1426 3521 sed
1445 3456 1513 3541 jam

563 3557 710 3644 provisus
724 3571 770 3624 est
794 3559 849 3645 qui
865 3561 1031 3625 cervicosis
1045 3560 1272 3645 imponeretur,
1288 3572 1319 3623 et
1342 3582 1418 3645 qnae
1432 3559 1515 3621 ferre

564 3680 625 3721 non
641 3676 778 3745 possent.
825 3664 964 3727 Verbum
981 3677 1087 3727 antem
1111 3660 1196 3747 quod
1213 3660 1301 3725 dete
1317 3678 1439 3725 motum
1455 3673 1514 3733 est,

564 3762 701 3826 ecclesiae
735 3762 900 3841 Romanae,
923 3766 1052 3829 domino
1082 3764 1160 3847 regi,
1183 3763 1439 3847 metropolitana,
1465 3785 1518 3825 eo·

564 3866 730 3951 episcopiS,
746 3868 799 3930 sed
816 3882 848 3933 et
862 3868 1012 3933 omnibus
1026 3866 1085 3952 qni
1107 3864 1187 3929 illud
1206 3861 1389 3943 audierunt,
1403 3862 1518 3949 placet,

492 4042 495 4053 Ι
565 3968 704 4052 exceptis
715 3970 763 4033 bis
776 3994 857 4054 qnos
868 3985 924 4035 ant
935 3969 1077 4044 ambitio,
1088 3982 1144 4031 aut
1156 3966 1299 4039 avaritia,
1312 3978 1368 4026 ant
1379 3963 1518 4029 immuu-

565 4067 659 4143 dicia,
681 4079 737 4131 ant
762 4070 891 4150 invidia,
914 4071 1096 4135 excaecavit.
1142 4067 1236 4145 Quod
1260 4065 1285 4129 si
1311 4066 1394 4128 forte
1419 4087 1518 4149 appa-

566 4169 687 4231 ruerint
710 4172 742 4232 in
758 4189 927 4256 conspectu
951 4173 1119 4246 bonorum,
1135 4174 1167 4235 iu
1184 4193 1241 4233 sna
1264 4166 1384 4231 malitia
1406 4166 1520 4253 persis-

567 4284 679 4347 tentes,
694 4273 868 4336 confnndet
884 4297 937 4336 eos
962 4279 1060 4349 Dens,
1076 4298 1115 4336 ue
1130 4277 1197 4358 ipse
1213 4270 1419 4355 dispositione
1434 4270 1517 4332 frus-

567 4388 650 4437 trata
666 4374 881 4438 confundatur
904 4376 944 4437 ab
966 4376 1020 4440 eis.
1068 4377 1220 4449 Silueram
1246 4374 1388 4459 quidem,
1403 4386 1434 4436 et
1455 4371 1519 4434 dis·

568 4476 785 4539 simulaveram
809 4477 963 4561 gaudinm
982 4501 1099 4554 meum,
1115 4479 1193 4564 qnia
1209 4490 1251 4552 tc,
1269 4479 1294 4539 si
1311 4476 1378 4538 fieri
1402 4484 1519 4558 posset,
