3875 5725
434 864 542 944 ilua]
714 914 718 920 .
821 882 1000 928 amaruan.
1323 874 1382 934 199

429 1046 461 1098 et
483 1033 653 1120 porrigunt
679 1032 818 1110 calicem,
842 1046 877 1097 et
903 1033 1027 1097 utinam
1050 1033 1179 1100 calicem
1208 1036 1379 1102 Salutaris!

427 1135 592 1201 Gustastis
612 1133 754 1220 inquam,
771 1147 803 1199 et
825 1135 947 1199 utinam
968 1135 1085 1200 amodo
1107 1135 1327 1215 subtrahatur,
1343 1149 1381 1203 ut

427 1258 486 1321 pro
508 1248 583 1302 voto
603 1247 710 1301 vestro
735 1237 875 1300 Domino
898 1235 1027 1321 possitis
1044 1235 1231 1301 familiarius
1252 1251 1285 1302 et
1307 1238 1381 1324 qui·

426 1337 511 1403 etius
528 1337 701 1403 inhaerere:
726 1337 753 1402 si
772 1350 880 1402 tamen
899 1337 944 1400 sic
961 1336 1052 1400 vobis
1071 1338 1214 1423 expedit,
1230 1351 1262 1403 et
1283 1340 1380 1404 eccle-

427 1439 481 1504 siae
505 1440 647 1506 Domini.
691 1438 774 1505 Haec
798 1452 918 1515 autem,
944 1451 1057 1524 utpote
1084 1440 1227 1504 conscius
1254 1441 1380 1506 viarum

426 1551 615 1616 vestrarum,
633 1539 709 1625 quia
723 1538 902 1602 coaluimus
922 1539 963 1602 ab
984 1539 1128 1625 antiquo,
1152 1545 1291 1619 retexui,
1307 1564 1380 1627 pro-

426 1640 560 1704 motioni
574 1653 689 1704 vestrae
712 1639 927 1723 congaudens
942 1651 974 1703 et
993 1641 1113 1724 gratias
1131 1663 1228 1726 agens
1244 1656 1380 1728 quantas

427 1763 557 1826 possum
583 1744 655 1804 Deo
684 1739 891 1824 promotionis
914 1740 1048 1817 auctori,
1075 1740 1148 1805 licet
1178 1765 1258 1820 meo,
1281 1744 1380 1808 immo

428 1843 527 1907 totius
548 1841 688 1906 ecclesiae
708 1855 822 1906 vestrae
844 1841 1021 1915 infortunio
1043 1855 1075 1907 et
1096 1841 1294 1928 irreparabili
1311 1845 1379 1928 jac-

426 1958 510 2009 turae
533 1944 715 2030 compatiar.
760 1943 868 2008 Didici
893 1943 978 2008 enim
1001 1943 1088 2029 apud
1114 1945 1280 2024 Etbicum,
1303 1947 1381 2033 quia

428 2046 493 2111 suis
517 2045 723 2110 incommodis
751 2045 892 2131 graviter
919 2045 1005 2130 angi,
1035 2068 1098 2110 non
1128 2048 1231 2129 amici,
1260 2048 1314 2113 sed
1347 2072 1380 2113 se

427 2149 563 2213 amantis
577 2161 634 2212 est.
682 2146 743 2210 Sed
759 2146 839 2232 quid
854 2146 949 2210 faciet
969 2146 1023 2210 illa
1039 2148 1201 2233 quondam
1218 2150 1332 2215 nobilis
1346 2163 1379 2216 et

425 2249 563 2334 gloriosa
574 2271 641 2333 prae
656 2250 790 2327 caeteris,
800 2270 884 2311 nunc
899 2259 1020 2326 autem,
1033 2249 1120 2335 quod
1137 2249 1204 2313 sine
1219 2250 1378 2317 lachrimis

368 2342 370 2346 ¹
425 2373 549 2437 nequeo
563 2350 678 2423 dicere,
696 2349 768 2413 vilis
786 2361 818 2413 et
838 2350 963 2435 abjecta
978 2350 1061 2414 inter
1083 2350 1164 2415 filias
1186 2353 1378 2434 Jerusalem,

425 2452 555 2516 ecclesia
572 2449 818 2515 saresberiensis
833 2462 923 2514 tanto
943 2462 1035 2536 patre
1050 2453 1185 2517 orbata?
1207 2455 1281 2540 quis
1294 2455 1377 2542 epis·

425 2574 505 2637 copo
529 2550 732 2634 naufraganti
757 2549 900 2635 porrigat
930 2550 1121 2615 dexteram?
1154 2557 1227 2637 quis
1255 2559 1376 2619 clerum

425 2651 662 2717 consolabitur?
702 2651 784 2713 Nam
809 2651 883 2713 hinc
908 2651 987 2714 milri
1014 2652 1126 2716 audire
1149 2654 1258 2718 videor
1285 2679 1377 2721 voces

425 2751 573 2840 ejulantis
593 2751 670 2814 cleri
694 2764 726 2814 et
752 2750 863 2835 populi
887 2773 951 2813 una
973 2774 1048 2814 voce
1070 2752 1286 2830 clamantium,
1309 2759 1377 2821 Our

423 2878 482 2920 noa
498 2862 596 2937 pater
620 2855 748 2927 deseris,
772 2859 833 2916 aut
855 2855 909 2915 eui
931 2874 992 2916 ocos
1016 2855 1169 2918 desolatos
1190 2859 1376 2938 relinquis?

423 2956 547 3043 Utique
557 2957 641 3020 inter
657 2978 709 3018 eos
724 2977 805 3039 quos
820 2953 1010 3039 rumigeruli
1024 2955 1259 3021 substituerunt
1275 2958 1377 3039 vobis,

423 3061 478 3123 vix
494 3060 666 3146 quisquam
678 3057 817 3120 occurrit
832 3056 924 3121 vobis
939 3056 1055 3142 dignus
1067 3057 1176 3121 sedere
1190 3060 1223 3122 in
1240 3060 1376 3126 scabello

422 3162 540 3248 pedum
557 3173 752 3248 vestrorum:
769 3171 802 3223 et
813 3159 958 3245 profecto
974 3160 1092 3240 nullus,
1106 3161 1230 3226 etiamsi
1245 3163 1375 3230 libertas

423 3263 558 3340 adesset,
581 3283 666 3326 nunc
687 3260 766 3323 mihi
785 3256 922 3346 'apparet
948 3261 1084 3327 idoneus
1105 3266 1207 3350 magis
1229 3289 1325 3352 quarn
1349 3267 1375 3331 si

421 3366 486 3430 sole
498 3364 624 3429 sublato
636 3361 676 3426 de
689 3362 809 3449 mundo
824 3375 989 3448 quaeratur
999 3364 1084 3430 inter
1094 3389 1180 3431 nunc
1190 3367 1374 3448 existentes,

422 3468 495 3553 quis
509 3465 639 3551 impleat
655 3464 739 3528 vices
761 3466 840 3552 ejus.
886 3466 1045 3530 Dominus
1065 3480 1169 3533 tamen
1192 3482 1375 3555 potensest
1428 3508 1431 3514 ,
1465 3545 1467 3548 v

419 3569 459 3633 de
481 3566 641 3653 lapidibus
657 3569 809 3631 suscitare
824 3566 906 3631 filios
922 3567 1076 3633 Abrahae.

392 3750 396 3757 Ι
464 3669 527 3735 Sed
545 3670 613 3755 jam
640 3690 660 3731 a
682 3668 772 3731 luctu
800 3668 930 3753 publico
956 3668 999 3732 ad
1022 3692 1149 3735 causam
1176 3673 1272 3736 redeo
1297 3696 1371 3759 pro·

420 3772 535 3857 priam,
558 3771 628 3856 qui,
657 3770 691 3831 in
721 3792 786 3854 quo
809 3767 931 3831 calculo
956 3785 1100 3835 versetur
1124 3771 1265 3835 conditio
1289 3795 1372 3850 mea,

418 3884 589 3958 postquam
605 3870 645 3933 ab
662 3867 783 3952 Anglia
797 3867 978 3945 recessistis,
990 3890 1118 3953 prorsus
1132 3872 1255 3956 ignoro.
1287 3877 1370 3936 Nam

418 3974 543 4036 interim
561 3994 633 4058 spes
654 3981 722 4034 erat
744 3968 871 4046 certior,
887 3982 923 4032 ut
941 3982 1015 4033 ante
1030 3992 1115 4055 saepe
1130 3972 1251 4058 scripsi.
1298 3974 1371 4038 Non

419 4073 556 4137 diffiteor
578 4070 655 4158 quin
679 4070 818 4136 ecclesiae
841 4083 873 4134 et
895 4069 1132 4158 archiepiscopo
1148 4076 1370 4141 cantuariensi

419 4174 559 4239 debitam
582 4175 677 4237 fidem
704 4176 908 4249 servaverim,
932 4173 987 4236 sed
1012 4195 1053 4236 ex
1079 4176 1270 4241 conscientia
1295 4200 1371 4242 con-

420 4290 470 4338 tra
495 4276 649 4339 bonorem
675 4276 743 4359 regi
773 4275 930 4351 debit-um,
958 4288 1015 4339 aut
1042 4276 1226 4356 utilitatem,
1257 4302 1307 4342 me
1335 4281 1370 4344 in

420 4375 508 4441 nullo
532 4389 691 4438 versatum
714 4400 783 4439 esse
804 4391 979 4442 monstrare
1002 4392 1131 4463 paratus
1156 4402 1239 4457 sum,
1264 4394 1321 4443 aut
1344 4382 1371 4444 si

418 4477 536 4542 alicubi
560 4476 692 4561 deliqui,
710 4477 790 4541 sicut
814 4483 880 4562 regi
903 4493 933 4542 et
957 4480 1086 4543 domino
1108 4481 1265 4565 condigne
1281 4480 1370 4545 satis-
