3875 5725
493 808 530 868 lt
748 823 882 869 soanrns
898 825 1176 873 sanssssnisnsis
1352 815 1399 893 [s.
1419 835 1449 880 n.

488 986 623 1058 questus
647 986 706 1049 cst,
730 973 818 1058 quod
845 973 886 1037 de
910 977 1128 1041 transmarinis
1152 979 1299 1062 partibus
1321 980 1363 1045 ad
1387 1005 1449 1046 nos

488 1073 609 1159 soepius
640 1073 779 1151 veniens,
810 1096 867 1138 nec
904 1098 961 1161 per
998 1097 1068 1155 nos,
1097 1100 1154 1142 nec
1191 1102 1249 1166 per
1278 1081 1446 1147 dominum

489 1173 642 1239 Iondon.'
660 1174 800 1260 aliquam
828 1179 870 1240 sit
891 1176 1052 1262 justitiam
1080 1193 1259 1258 assecutus,
1286 1184 1376 1268 quod
1405 1185 1449 1250 ab

489 1273 648 1340 Ailsrardo
671 1276 907 1362 archiepiscopo
937 1301 1023 1363 saepe
1048 1279 1167 1365 injuste
1196 1282 1228 1347 ia
1258 1284 1318 1348 hac
1347 1308 1445 1350 cuasa

488 1390 623 1441 rexatus
638 1377 689 1452 sit,
705 1392 738 1442 et
760 1379 849 1463 quod
872 1400 957 1442 nunc
979 1380 1107 1444 tandem
1126 1381 1257 1468 justitia
1272 1407 1330 1448 sus
1344 1386 1445 1450 inter·

488 1490 586 1542 ventu
615 1477 838 1563 appellationis
867 1479 933 1543 fere
955 1481 987 1543 in
1013 1503 1132 1546 annum
1155 1484 1350 1565 differretur,
1372 1489 1441 1574 jam

487 1577 609 1642 dictum
625 1579 893 1657 archidiaconum,
910 1603 1007 1666 quem
1024 1580 1173 1648 videlicet
1193 1584 1282 1650 laicis
1303 1588 1440 1672 patroci-

489 1692 628 1758 nantem,
650 1703 836 1766 perquem,
860 1695 897 1745 ut
920 1681 1057 1760 dicebat,
1086 1685 1154 1749 haec
1178 1686 1261 1749 mals
1285 1686 1346 1751 sibi
1371 1710 1444 1773 pro

490 1782 667 1859 veniebant,
697 1783 738 1847 ad
769 1783 874 1847 sedem
905 1784 1112 1870 apostolicam
1141 1787 1327 1874 appellavit,
1357 1789 1441 1852 diem

489 1884 657 1969 praefigens
670 1885 703 1948 in
719 1886 859 1948 Octavas
880 1885 971 1949 lleati
986 1887 1130 1952 Martini.

685 2219 905 2284 EPISTOLA
928 2222 1078 2284 XL-sn
1094 2241 1248 2288 sunnam

754 2359 893 2420 Domino
906 2377 1003 2440 popo
1019 2358 1175 2422 Adriano.

534 2495 673 2556 Annuus
687 2490 727 2554 de
744 2494 785 2554 N.
801 2490 964 2554 ecclesiam
985 2490 1085 2569 illam,
1098 2512 1165 2575 qua
1185 2514 1218 2554 se
1233 2492 1352 2577 injuste
1368 2517 1440 2578 spo-

490 2594 602 2659 liatum
632 2615 698 2656 csse
726 2591 865 2668 dicebat,
895 2591 990 2655 officii
1025 2592 1126 2656 nostri
1162 2593 1352 2658 anctoritate
1380 2592 1441 2659 sibi

489 2695 614 2760 restitui
643 2691 839 2780 postulabat,
867 2707 1024 2778 praesente
1055 2696 1097 2759 A.
1127 2694 1269 2779 ejusdem
1301 2694 1440 2760 ecclesiae

490 2819 676 2883 possessore,
693 2794 745 2858 cui
759 2793 843 2857 diem
858 2794 1071 2879 respondendi
1088 2796 1130 2858 Α.
1143 2809 1213 2882 post
1230 2795 1348 2860 multas
1362 2797 1440 2863 cita·

489 2902 590 2966 tiones
618 2897 870 2987 peremptorium
900 2897 1148 2983 praefixeramus.
1209 2898 1334 2963 Alanus
1366 2923 1441 2964 vero

487 3005 673 3090 petitionem
706 3004 745 3064 A.
776 3001 962 3084 exceptione
994 2998 1038 3062 rei
1065 2998 1220 3083 judicatae
1250 2999 1439 3064 submovere

488 3105 660 3180 nitebatur,
675 3102 783 3164 dicens
797 3122 871 3162 eum
887 3122 906 3161 a
926 3100 1120 3184 possessione
1138 3100 1205 3186 jam
1228 3100 1324 3165 dicte
1343 3100 1440 3165 eccle-
1531 3178 1533 3186 Ι

488 3207 542 3268 sire
557 3202 717 3275 cecidisse,
728 3200 853 3285 judicio
865 3200 1054 3270 venerabilis
1065 3201 1174 3266 fratris
1190 3202 1289 3266 nostri
1306 3201 1438 3267 Ricardi

488 3303 635 3371 London.
659 3298 811 3387 episcopi,
842 3315 910 3366 tum
938 3302 1163 3379 archidiaconi,
1190 3303 1254 3367 lata
1283 3302 1439 3395 sententia

486 3430 546 3493 pro
562 3403 711 3471 Erusrdo
728 3403 910 3482 decessore;
933 3417 965 3485 et
988 3427 1085 3490 super
1103 3408 1164 3469 hoc
1180 3405 1303 3470 litteras
1316 3404 1437 3469 domini

486 3507 626 3594 episcopi
655 3506 716 3568 hoc
745 3518 933 3570 attestantes
962 3507 996 3569 in
1026 3506 1168 3570 medium
1189 3507 1382 3593 proferebat.
1406 3511 1436 3572 E

485 3625 596 3675 contra
617 3614 654 3674 Α.
670 3608 855 3670 sententiam
880 3607 979 3684 illam,
995 3607 1020 3671 si
1043 3607 1106 3672 lata
1125 3608 1200 3684 fuit,
1217 3609 1246 3673 ei
1268 3607 1437 3693 suffragari

485 3737 547 3779 non
571 3734 662 3798 posse
686 3709 861 3795 respondit,
883 3732 984 3795 quum
1013 3733 1062 3773 res
1087 3710 1171 3774 inter
1192 3710 1271 3774 alios
1292 3723 1365 3774 acta
1387 3710 1437 3774 rel

481 3817 627 3901 judicata
651 3812 722 3878 aliis
743 3812 893 3897 prodesse
919 3833 982 3874 non
1009 3810 1124 3875 debeat
1152 3811 1201 3874 vel
1226 3812 1345 3876 obesse.
1391 3814 1437 3876 Et

484 3916 557 3979 licet
581 3916 693 3979 merito
718 3927 822 4001 posset
847 3914 899 3977 de·
914 3912 1079 3976 sententiae
1105 3912 1277 3997 iniquitate
1300 3914 1435 3989 causari,

485 4039 552 4103 qua
583 4016 696 4077 absens
725 4038 782 4077 nec
812 4026 984 4078 contumax
1014 4014 1244 4078 condemnatus
1273 4027 1332 4092 est,
1362 4036 1436 4078 cum

483 4113 683 4201 aliquantulo
693 4136 798 4177 causae
813 4136 880 4177 suae
894 4115 1072 4200 dispendio,
1083 4130 1213 4201 propter
1229 4116 1435 4179 reverentiam

484 4214 623 4306 episcopi
639 4215 687 4276 sui
711 4213 830 4277 domini
855 4214 1098 4295 Londoniensis,
1113 4219 1206 4302 cujus
1228 4217 1268 4281 ad
1296 4237 1437 4303 praesens

484 4321 545 4388 sibi
572 4326 729 4403 quantum
761 4314 824 4378 suit
854 4314 984 4380 nolebat
1013 4330 1204 4401 attemptare
1233 4318 1434 4392 sententiam,

482 4422 598 4486 omisso
614 4413 738 4500 judicio
760 4414 952 4498 possessorio
973 4415 1157 4499 petitorium
1183 4416 1335 4492 instituit,
1351 4440 1434 4480 asse-
