3875 5725
431 855 539 935 rma]
811 874 989 919 urrsronra.
1317 856 1379 919 261

425 1035 456 1088 ot
479 1027 628 1090 inventus
651 1047 849 1110 usquequam
873 1013 988 1089 fidelis.
1040 1027 1151 1088 Habet
1172 1038 1276 1089 autem
1300 1026 1376 1088 scri-

426 1123 525 1186 bendi
547 1124 704 1206 peritiam,
725 1136 757 1186 et
779 1125 917 1207 plurium
942 1124 1173 1205 experientiam
1195 1122 1379 1197 utilitatum,

426 1246 519 1307 quem
542 1226 569 1288 si
590 1247 648 1309 pro
671 1246 777 1289 amore
799 1239 902 1288 restro
927 1226 1019 1288 vobis
1042 1225 1076 1285 in
1097 1225 1253 1308 obsequio
1275 1236 1379 1287 vestro

424 1327 560 1389 retinere
583 1329 735 1410 placeret,
763 1339 795 1390 et
820 1328 868 1389 nti
894 1328 1052 1409 obsequio
1074 1326 1155 1410 ejus,
1178 1326 1272 1388 nobis
1296 1337 1381 1388 esset

425 1427 653 1508 gratissimum,
668 1428 744 1511 quia
759 1428 789 1490 ei
805 1428 846 1490 ad
866 1449 1008 1509 praesens
1024 1448 1081 1509 pro
1097 1428 1257 1489 voluntate
1273 1438 1381 1488 nostra

427 1549 492 1590 uon
508 1549 679 1611 possumus
691 1528 867 1611 providere.
898 1527 1216 1591 Confidimusautem
1229 1527 1378 1610 quoniam

426 1628 512 1713 apud
539 1652 595 1692 vos
619 1651 718 1712 opera
745 1651 803 1692 sua
827 1643 859 1692 et
888 1629 1055 1709 diligentia
1078 1631 1319 1709 promerebitur,
1343 1638 1379 1691 ut

424 1731 544 1794 exinde
559 1743 669 1793 nostra
684 1732 734 1793 vel
749 1731 886 1792 aliorum
903 1729 1181 1792 commendatione
1196 1751 1260 1792 non
1277 1741 1377 1812 egeat.

482 2049 706 2114 EPISTOLA
729 2051 987 2114 cuxvn-an
1002 2067 1188 2112 nonnarum
1204 2068 1321 2113 simun

705 2172 854 2215 nunna.
883 2152 973 2232 [an.
993 2153 1102 2232 llud]

711 2310 932 2391 Rodertofilio
947 2313 1103 2391 AEpidiae.
1136 2376 1139 2381 ,

468 2448 618 2510 Pursrua
632 2467 701 2510 eam
722 2468 818 2530 quam
842 2447 969 2509 affectio
984 2446 1123 2509 fraterna
1141 2449 1377 2512 rememoratio·

425 2571 500 2612 nem
532 2559 664 2610 vestram
695 2549 773 2609 mihi
802 2548 935 2624 excitat,
966 2550 1077 2610 crebro
1107 2549 1141 2610 in
1172 2564 1277 2614 mente
1306 2570 1379 2612 mea

426 2646 671 2729 congratulandi
687 2649 777 2710 robis
801 2669 931 2710 causam
954 2660 987 2710 et
1008 2649 1152 2728 gratiam,
1172 2651 1377 2734 colloquendi

425 2750 629 2813 occasionem
652 2748 828 2830 saepissime
856 2760 987 2832 praestat
1011 2750 1230 2813 transmissum
1257 2753 1337 2814 mihi
1359 2773 1379 2814 a

427 2850 516 2913 vobis
540 2850 741 2933 signaculum
764 2847 840 2911 fidei
863 2858 896 2911 et
918 2848 1098 2912 devotionis
1122 2849 1255 2931 insigne.
1301 2853 1378 2934 Ipsa

425 2953 510 3014 enim
525 2952 656 3014 materia
671 2951 821 3026 maneria,
837 2950 864 3011 si
885 2949 1057 3032 qualitates
1076 2949 1178 3031 ipsius
1194 2950 1378 3032 diligentius

425 3055 613 3128 intueamur,
628 3063 664 3115 ut
680 3074 778 3135 quum
799 3048 992 3130 Blalduini]
1010 3050 1276 3126 Archidiaconus,
1295 3053 1376 3133 [uo-

424 3155 533 3238 gerus]
552 3155 592 3218 de
610 3153 777 3216 Sideberia
788 3165 820 3215 et
831 3152 1018 3214 fraterculus
1029 3162 1133 3214 vester
1147 3173 1213 3214 non
1229 3152 1377 3217 dissenti-

424 3267 491 3331 ant,
506 3277 659 3339 expresse
674 3254 796 3317 indicat
816 3253 895 3337 quid
910 3253 1131 3335 principaliter
1146 3252 1327 3316 dominetur
1341 3256 1376 3319 in

423 3358 531 3423 animo
555 3357 720 3446 mittentis.
767 3357 891 3418 Aurum
916 3355 1003 3417 enirn
1025 3355 1232 3436 imputribile,
1252 3358 1375 3439 largum

423 3461 465 3525 ad
488 3461 716 3537 dilatationem,
735 3480 795 3523 nec
817 3458 890 3539 igne
906 3479 965 3521 nec
989 3458 1193 3521 tunsionibus
1212 3460 1376 3539 minuitur,
1427 3531 1432 3539 ,

423 3585 483 3626 nec
513 3562 809 3637 incontaminabile,
838 3569 949 3644 utpote
979 3560 1066 3643 quod
1091 3562 1212 3623 nullam
1237 3562 1377 3627 admittit

422 3666 613 3745 rubiginem,
630 3664 714 3726 unde
735 3672 767 3725 et
783 3663 916 3725 aliorum
933 3664 1134 3724 metallorum
1149 3664 1375 3726 custoditivum

424 3764 482 3842 est,
502 3786 609 3827 noune
634 3763 730 3826 fidem
753 3763 993 3845 imputribilem,
1012 3760 1133 3841 largam
1155 3773 1189 3825 et
1210 3762 1375 3826 dilatatam

425 3866 549 3948 figurat,
585 3866 749 3928 caritatem
779 3873 980 3926 constantem
1016 3863 1049 3924 in
1086 3862 1237 3940 adversis,
1267 3863 1374 3927 mode·

422 3969 579 4033 rationem
602 3967 751 4029 virtutum
777 3966 1040 4028 conservatricem
1067 3964 1099 4025 in
1122 3963 1304 4049 prosperis?
1335 3988 1374 4029 ea

425 4072 521 4146 enim,
537 4071 619 4132 sicut
640 4070 754 4131 melius
776 4067 888 4143 nostis,
904 4066 957 4128 cui
979 4088 1082 4129 rerum
1105 4077 1219 4130 natura
1239 4068 1374 4150 physica

424 4170 560 4234 docente
571 4170 720 4246 innotuit,
729 4168 795 4232 auri
807 4181 919 4231 natura
934 4179 983 4231 est
998 4189 1094 4250 quarn
1105 4168 1252 4252 praedixi.
1277 4169 1372 4234 Unde

424 4268 611 4353 prudentes,
632 4270 688 4353 qui
713 4271 881 4353 pecuniam
904 4290 996 4333 suam
1015 4271 1126 4333 rolunt
1143 4270 1386 4354 imputribilem,

424 4390 622 4445 conservare,
641 4390 718 4432 auro
738 4373 874 4435 miscent
891 4383 1071 4455 argentum,
1092 4382 1127 4435 ut
1144 4394 1186 4435 ex
1205 4374 1274 4436 auri
1293 4394 1372 4436 con-

422 4471 520 4534 sortio
535 4478 699 4549 argentum
711 4470 831 4553 absque
847 4460 993 4553 rubigine
1006 4483 1216 4537 conservetur.
1247 4473 1372 4538 Forma
