3875 5725
500 852 540 908 76
758 859 895 905 tornius
910 856 1187 903 sannausmmvsm
1358 836 1402 916 [Α.
1420 854 1451 897 n.

498 1014 581 1077 enirn
597 1013 732 1076 thronus
745 1011 778 1073 in
794 1032 866 1073 eum
879 1009 988 1090 vigore
1004 1006 1104 1069 solido
1116 1008 1291 1080 roboratur,
1305 1006 1363 1091 qui
1379 1018 1451 1069 tan-

499 1128 604 1179 tarum
618 1114 773 1176 virtutum
789 1111 904 1173 nititur
919 1108 1142 1173 fundamentis.
1183 1108 1305 1172 Haeciu
1315 1107 1449 1170 auribus

499 1214 919 1298 vestriscrebrorepetimuS,
930 1234 967 1274 eo
979 1210 1066 1295 quod
1076 1222 1199 1273 constat
1210 1210 1311 1295 ipsam
1323 1222 1449 1294 gratam

496 1339 565 1378 esse
580 1314 705 1378 auditui
726 1325 848 1376 vestro:
873 1326 903 1374 et
920 1312 1002 1374 sicut
1018 1311 1049 1374 in
1071 1332 1166 1394 opere
1187 1310 1332 1382 clariora,
1346 1311 1393 1373 ita
1407 1332 1447 1372 ex

499 1440 559 1480 usu
581 1415 740 1500 frequenti
764 1412 921 1498 majestati
945 1425 1058 1475 vestrae
1073 1411 1213 1495 gratiora
1228 1423 1311 1474 sunt.
1358 1413 1448 1474 Dum

497 1518 529 1581 in
560 1517 610 1579 his
639 1528 742 1579 vestra
771 1526 916 1577 versatur
944 1512 1092 1590 intentio,
1121 1512 1393 1597 prosperabuntur
1414 1511 1447 1573 in

500 1618 649 1691 Domino,
673 1616 758 1680 etin
790 1615 888 1679 totius
916 1612 1029 1676 mundi
1051 1612 1153 1696 gloria
1181 1633 1309 1694 gressus
1337 1611 1447 1675 vestri.

498 1720 580 1782 Nam
603 1732 634 1783 et
658 1719 717 1781 hoc
742 1720 939 1794 Sanctorum,
961 1736 1098 1799 quorum
1129 1714 1230 1799 quieti
1252 1714 1446 1799 prospicitis,

496 1820 647 1903 suffragia
676 1818 902 1904 impetrabunt.
970 1815 1134 1879 Incumbit
1163 1815 1359 1879 orationibus
1388 1837 1447 1900 pro

495 1920 584 1983 vobis
599 1919 640 1983 ad
657 1921 832 1984 Dominum
852 1918 1079 1981 monasterium
1097 1931 1214 1981 sanctae
1229 1916 1343 1982 Marioe
1359 1918 1447 1980 Ebo-

495 2022 640 2093 raoensis‚
659 2020 743 2106 quod
761 2032 850 2083 tanto
871 2019 961 2083 vobis
976 2019 1157 2083 fiducialius
1177 2019 1445 2096 commendamur,

498 2136 620 2209 quanto
635 2147 674 2185 ex
690 2123 829 2185 omnium
854 2121 1093 2206 provincialium
1110 2121 1289 2184 testimonio
1307 2120 1398 2200 illud,
1412 2134 1444 2185 et

497 2247 581 2288 verae
592 2223 751 2308 religionis
760 2223 862 2295 cultu,
880 2237 910 2287 et
921 2223 974 2306 pia
989 2222 1157 2286 devotione
1172 2223 1205 2286 in
1218 2245 1273 2285 vos
1288 2235 1319 2286 et
1329 2222 1444 2287 liberos

499 2340 619 2390 vestros
634 2324 904 2388 commendatione
919 2324 1047 2405 dignius
1062 2347 1128 2387 esse
1143 2324 1341 2394 confidimus.
1364 2327 1446 2388 Tur-

497 2426 587 2490 bavit
608 2448 716 2510 pacem
737 2425 807 2508 ejus
829 2425 962 2502 diutina,
978 2425 1059 2488 sicut
1074 2448 1134 2510 pro
1153 2438 1240 2489 certo
1255 2425 1444 2511 accepimus,

499 2527 596 2590 frater
625 2526 767 2613 quidam,
797 2527 852 2610 qui
883 2527 1009 2589 tandem
1040 2539 1174 2611 urgente
1204 2550 1235 2590 se
1266 2527 1386 2590 malitia
1415 2544 1446 2592 et

496 2627 624 2691 levitate
647 2650 783 2703 morum,
807 2627 893 2692 velut
914 2628 1004 2712 palea
1026 2628 1149 2692 inutilis
1163 2628 1204 2691 ab
1226 2651 1298 2690 area
1314 2628 1444 2693 Domini

495 2729 641 2793 avolavit.
687 2728 813 2792 Deinde
843 2742 978 2793 vestram
1009 2730 1089 2793 adiit
1114 2730 1309 2814 majestatem
1339 2743 1378 2794 ut
1404 2752 1444 2794 ex

493 2855 531 2894 eo
546 2854 578 2893 se
593 2829 741 2896 odibilem
760 2832 898 2896 Domino
914 2831 1123 2906 convinceret,
1144 2832 1231 2917 quod
1254 2837 1441 2897 monasterio

492 2933 657 2997 detrahere
672 2956 733 2997 non
750 2934 891 3013 erubuit,
902 2946 933 2996 et
943 2946 1055 2997 contra
1067 2933 1208 3017 regulam
1228 2932 1264 2997 B.
1278 2934 1443 2998 Benedicti

495 3034 694 3117 privilegium
718 3035 924 3120 delinquendi
946 3047 1079 3099 conatus
1105 3048 1152 3098 est
1175 3035 1359 3120 impetrare:
1383 3059 1442 3120 pro

491 3137 665 3199 reverentia
677 3148 781 3199 vestra
791 3140 961 3200 voluerunt
973 3160 1045 3201 eum
1059 3139 1196 3223 recipere
1208 3138 1321 3202 fratres
1331 3160 1441 3201 secun·

492 3234 569 3297 dum
584 3248 705 3299 statuta
717 3235 836 3299 ordinis
848 3238 907 3301 sui.
932 3241 979 3301 At
990 3238 1056 3321 ipse
1063 3260 1124 3301 non
1137 3238 1301 3323 adquievit
1310 3240 1440 3319 intrare,

494 3336 553 3398 nisi
566 3335 709 3418 ingressu
720 3340 789 3422 ejus
800 3340 879 3401 ordo
891 3340 1083 3404 monasticus
1095 3340 1280 3404 solveretur.
1317 3345 1441 3406 Vestras

492 3436 609 3521 itaque'
623 3437 817 3503 excellentiae
842 3445 1057 3526 supplicamus
1073 3455 1106 3505 ut
1123 3441 1263 3527 ejusdem
1279 3442 1441 3525 religiosos

496 3538 556 3600 loci
578 3538 692 3601 fratres
713 3540 850 3625 benigne
865 3543 1015 3617 audiatis,
1039 3556 1069 3606 et
1086 3543 1131 3605 illi
1147 3544 1268 3625 negetis
1283 3545 1442 3622 auditum,

491 3642 548 3725 qui
563 3640 679 3702 fratres
694 3664 751 3725 pro
767 3643 857 3706 vobis
875 3644 995 3727 jugiter
1009 3656 1134 3707 orantes
1150 3644 1263 3708 nititur
1277 3644 1441 3731 impedire.

489 3741 545 3804 Ad
561 3742 628 3804 haec
644 3763 768 3806 causam
784 3744 969 3808 universalis
986 3743 1127 3808 ecclesiae
1142 3759 1215 3808 aute
1231 3746 1326 3830 pedes
1348 3748 1440 3809 mise-

488 3843 633 3906 ricordiae
655 3858 767 3908 vestrae
787 3845 949 3931 provoluti
979 3845 1069 3908 vobis
1099 3847 1254 3910 attentius
1283 3870 1440 3910 commen·

489 3943 615 4007 damus:
633 3960 780 4029 rogantes
797 3946 972 4010 Dominum
983 3969 1042 4033 pro
1053 3947 1154 4020 nobis,
1172 3957 1202 4011 et
1218 3971 1273 4010 vos
1282 3970 1340 4030 pro
1350 3948 1439 4009 vobis

488 4056 518 4106 et
542 4044 671 4106 ecclesia
694 4061 809 4121 vestra,
834 4070 872 4109 ne
894 4047 934 4109 ad
958 4069 1066 4132 preces
1089 4047 1286 4135 imperatoris
1315 4046 1439 4131 aliquid

487 4154 648 4204 statuatur
677 4167 696 4205 a
726 4147 825 4223 vobis,
857 4149 941 4211 unde
972 4149 1064 4212 furor
1094 4148 1270 4214 schismatis
1300 4148 1437 4234 amplius

489 4242 669 4307 invalescat.
