3875 5725
425 861 532 943 1166]
808 878 985 924 antennae.
1309 866 1371 924 243

420 1037 485 1094 tato
498 1041 531 1094 et
543 1032 646 1094 salute
661 1033 807 1095 eoeleeiae
824 1043 977 1095 certatum
994 1034 1044 1095 sit.
1091 1033 1191 1116 Spero
1207 1043 1311 1094 autem
1333 1033 1367 1094 in

419 1129 570 1208 Domino,
587 1133 739 1217 quoniam
755 1147 786 1197 et
802 1134 942 1198 ecclesia·
958 1136 1105 1198 Romana
1118 1134 1226 1198 multis
1237 1134 1366 1196 indiciis

418 1230 474 1296 dat
487 1252 600 1297 ausum
616 1234 814 1312 confidendi,
831 1234 915 1297 hanc
940 1237 1042 1318 patria
1064 1237 1162 1298 nostri
1185 1236 1366 1318 peregrina-

415 1332 536 1396 tionem
561 1346 593 1398 et
621 1337 763 1399 laborem
794 1337 1018 1398 convalescere
1042 1335 1084 1398 ad
1107 1336 1365 1399 restaurationem

417 1432 657 1502 Cantuatien'sis
687 1440 845 1513 eeclesiae,
871 1448 903 1500 et
929 1438 1087 1517 integram
1111 1438 1365 1501 reformationem

416 1530 606 1620 dignitatum
622 1549 655 1603 et
669 1540 917 1622 privilegiorum,
933 1540 1051 1620 quibus
1068 1540 1163 1602 beato
1185 1537 1366 1602 Lanlranoo

416 1638 608 1720 praesidente
635 1639 806 1721 gaudebat.
852 1639 918 1700 Sed
948 1640 1009 1700 hoo
1037 1640 1068 1699 in
1097 1640 1227 1701 auribus
1255 1639 1365 1701 vestris

417 1733 538 1802 dietum
565 1742 617 1817 sit,
643 1741 730 1803 unde
752 1751 786 1802 et
808 1761 865 1802 vos
890 1739 983 1802 decet
1003 1760 1129 1801 omnem
1154 1761 1215 1823 pro
1237 1741 1367 1816 viribus,

417 1842 484 1902 imo
498 1850 530 1904 et
545 1843 608 1904 iere
629 1858 726 1925 supra
740 1842 833 1920 vires,
856 1855 948 1924 opem
973 1840 1053 1904 ferre
1075 1843 1171 1924 patris
1191 1842 1367 1923 naufragio,

417 1952 451 2004 et
469 1956 543 2006 eum
566 1944 737 2027 benefieiis
757 1944 939 2027 promereri,
962 1954 997 2007 ut
1020 1964 1119 2028 quum
1142 1945 1214 2008 Deo
1236 1955 1365 2009 auctore

417 2045 601 2124 obtinuerit,
616 2047 714 2108 vestri
729 2046 832 2129 possit
847 2056 879 2108 et
894 2045 1011 2108 debeat
1025 2046 1209 2108 meminisse
1220 2047 1253 2109 in
1268 2048 1366 2111 bono.

417 2146 536 2211 Nonne
551 2148 635 2210 enim
649 2147 804 2211 indecens
820 2158 869 2210 est
886 2157 918 2210 ot
940 2149 1139 2230 probrosum,
1162 2145 1188 2210 ei
1211 2149 1365 2233 episcopo

416 2268 474 2332 pro
484 2247 615 2333 justitia
629 2251 775 2314 exulanti
799 2250 895 2312 alieni
915 2250 1120 2327 subveniunt,
1142 2259 1173 2314 et
1193 2252 1366 2315 necessita-

414 2351 502 2414 tibue¹
515 2351 586 2436 ejus
600 2352 671 2428 filii,
688 2351 781 2436 cnjus
796 2351 948 2414 honorem
964 2361 996 2415 et
1014 2351 1150 2434 gloriam
1163 2342 1364 2428 thesaurisat,

417 2454 651 2517 communicare
667 2451 851 2517 noluerint?
875 2455 993 2516 Nonne
1006 2454 1035 2516 ei
1046 2453 1079 2516 in
1092 2455 1235 2537 capitulo
1248 2457 1366 2533 omnia,

414 2563 447 2618 et
468 2556 563 2618 etiam
586 2566 769 2619 sanctorum·
791 2570 905 2639 capsas
930 2556 1101 2632 obtulistiS,
1120 2567 1156 2619 ut
1180 2558 1250 2621 haec
1275 2558 1366 2620 vobio

414 2655 614 2740 acquireret?
654 2658 742 2738 Ergo
765 2657 840 2739 quia
863 2660 905 2719 ob
935 2656 1020 2718 hanc
1051 2677 1181 2720 oausam
1210 2660 1365 2723 Romanae

414 2757 572 2822 Ec'eleaiae
596 2768 721 2821 tenetur
748 2758 784 2818 in
813 2758 1012 2840 aliquantula
1033 2758 1183 2840 pecunia,
1206 2762 1366 2842 supplicat

413 2856 495 2941 ipse,
510 2867 543 2922 et
556 2880 618 2940 ego
633 2857 739 2922 fidelis
754 2870 858 2922 vester
873 2858 1020 2936 consulo,
1036 2869 1193 2943 quatenus
1209 2862 1238 2924 ei
1254 2862 1287 2923 in
1302 2863 1363 2925 hac

413 2960 602 3024 necessitate
618 2961 827 3037 subveniatis,
842 2982 882 3023 ne
900 2960 1067 3024 dominum
1083 2983 1201 3044 papam
1215 2963 1367 3028 beneficii

414 3062 465 3125 sui
487 3062 651 3145 poenitent
668 3074 700 3127 et
722 3081 778 3124 voe
800 3062 922 3145 pudeat
943 3073 976 3125 et
997 3063 1107 3146 pigeat
1126 3063 1366 3129 inhumanitatis

414 3172 531 3227 vestre
554 3165 589 3228 in
619 3174 817 3249 perpetuum.
871 3165 1025 3229 Animent
1055 3186 1113 3229 voe
1140 3176 1365 3230 extraneorum

414 3268 579 3348 exempla,
595 3266 650 3350 qui
672 3261 814 3350 propriis·
833 3267 949 3331 usibus
968 3276 1000 3330 et
1023 3267 1269 3332 necessitatibus
1291 3273 1365 3334 sub·

413 3367 551 3447 trahunt,
561 3368 657 3431 etiem
666 3369 776 3432 labore
785 3370 1122 3454 manuumexquisita‚
1133 3391 1205 3455 quae
1215 3373 1365 3436 exulibus

413 3471 524 3533 vestris
538 3470 732 3554 impertiunt.

412 3775 632 3844 EPISTULA
649 3778 862 3843 cult-nn
872 3796 1072 3842 anemonen
1083 3798 1114 3842 n.
1125 3798 1363 3845 announusnn.

781 3881 865 3960 [an.
884 3882 993 3960 lma]

726 4042 775 4103 M.
792 4039 833 4103 R.
849 4038 1044 4102 eodemne.

455 4176 526 4237 Dlu
541 4187 599 4253 eat,
614 4177 788 4242 amicorum
807 4174 1034 4249 amantissime,
1048 4174 1134 4259 quod
1147 4174 1186 4238 de
1198 4186 1283 4241 statu
1298 4189 1363 4257 tuo,

412 4286 444 4338 et
459 4274 593 4337 aliorum
608 4288 748 4339 veterum
771 4278 947 4341 amicornm
968 4277 1130 4341 certiorari
1151 4276 1307 4357 desidero,
1323 4304 1362 4345 eo

412 4374 544 4461 quidem
574 4375 734 4441 ardentius
764 4400 827 4462 quo
857 4380 956 4441 rarius
987 4379 1234 4443 sollicitudinem
1261 4403 1364 4445 meam

413 4478 462 4541 vel
477 4476 517 4541 de
533 4488 576 4557 te,
591 4478 641 4539 vel
658 4498 677 4540 a
693 4488 723 4541 te
740 4480 900 4556 certiorari
915 4482 1086 4561 contingit.
1132 4483 1183 4545 De
1206 4494 1236 4545 te
1256 4495 1363 4547 tamen

874 4597 896 4641 n
911 4584 931 4642 2
