3875 5725
566 877 625 935 116
822 889 957 935 scaurus
975 887 1254 933 saaasnaaransts
1426 871 1470 949 [n.
1489 883 1519 934 n.

560 1041 612 1104 die
636 1039 876 1105 consecrationis
895 1040 962 1125 jam
988 1039 1082 1104 dictae
1101 1037 1240 1101 ecclesiae
1264 1037 1426 1101 Radulfus
1452 1041 1516 1101 Ro-

560 1142 680 1206 tundus
701 1140 871 1215 obtulerat,
894 1140 1042 1226 episcopo
1068 1139 1283 1203 Londoniensi
1303 1154 1459 1224 praesente
1481 1155 1514 1206 et

560 1242 768 1327 approbante,
785 1241 844 1304 sibi
867 1244 992 1305 restitui
1012 1240 1200 1326 postulavit,
1214 1239 1322 1303 diceus
1344 1263 1377 1304 se
1397 1239 1513 1302 eisdem

559 1344 680 1429 absque
697 1343 822 1430 judicio
837 1341 1016 1426 spoliatam,
1033 1354 1187 1426 tantoque
1205 1343 1370 1426 jussuum
1389 1341 1515 1406 dicebat

559 1467 626 1508 esse
648 1443 813 1530 liquidius,
837 1458 957 1528 quanto
979 1442 1126 1528 pluribus
1148 1444 1179 1505 in
1208 1442 1322 1505 vicinia
1347 1444 1513 1507 constabat

560 1545 647 1632 quod
682 1545 739 1609 has
769 1543 992 1607 decimationes
1021 1543 1062 1605 ab
1093 1556 1288 1606 antecessore
1318 1543 1451 1606 Martini
1481 1557 1514 1607 et

559 1646 692 1712 ecclesio
707 1645 748 1708 de
768 1644 931 1710 Waltham
956 1644 1110 1709 Canoniei
1131 1656 1249 1706 sanctae
1264 1643 1430 1707 Trinitatis
1449 1646 1514 1708 eri*

559 1762 677 1813 cerunt.
724 1749 829 1824 Quum
847 1769 921 1810 vero
940 1768 1035 1809 causa
1054 1745 1122 1809 haec
1142 1745 1264 1808 diutius
1285 1743 1317 1808 in
1340 1745 1409 1807 soro
1426 1746 1512 1809 Lon·

558 1850 717 1914 deniensis
746 1848 884 1912 ecclesiae
914 1860 1107 1931 pertractata
1135 1861 1227 1925 esset,
1252 1847 1292 1910 ad
1319 1846 1510 1911 audientiam

559 1963 695 2014 vestram
716 1972 773 2034 per
794 1947 1038 2033 appellationem
1060 1947 1213 2011 translata
1228 1960 1294 2009 est:
1320 1947 1512 2031 tandemque

558 2036 735 2124 Martinus,
751 2048 807 2134 qui
823 2046 998 2110 delationes
1014 2046 1121 2131 plures
1136 2069 1174 2108 ex
1191 2046 1285 2108 variis
1307 2046 1409 2109 cairsis
1429 2046 1513 2110 obti-

558 2164 682 2223 nuerat,
698 2162 769 2233 post
779 2149 998 2234 jurameutum
1015 2146 1055 2210 de
1069 2147 1228 2210 calumnia
1247 2147 1320 2210 hinc
1342 2146 1417 2211 inde
1432 2170 1514 2232 prae-

558 2250 682 2325 stitum,
711 2263 742 2314 et
774 2251 832 2312 hoc
859 2248 899 2311 de
929 2271 1083 2313 consensu
1114 2262 1146 2312 et
1175 2249 1329 2335 petitione
1359 2250 1510 2333 partium,

558 2349 626 2413 dies
656 2351 898 2436 peremptorius,
926 2349 1000 2413 licet
1028 2349 1087 2412 hoc
1118 2349 1279 2412 Martinus
1304 2350 1510 2427 inficiaretur,

558 2450 709 2536 praefixus
731 2464 789 2524 est,
813 2473 1000 2534 quoquam
1023 2473 1113 2513 suam
1136 2451 1277 2512 canonici
1300 2449 1417 2515 vellent
1439 2451 1512 2515 fun·

557 2553 634 2616 dare
665 2553 882 2631 intentionem,
908 2553 975 2639 jam
1007 2551 1112 2616 dictus
1142 2556 1190 2617 M.
1217 2553 1370 2616 oratorias
1399 2576 1511 2640 excep-

558 2656 659 2721 tiones
674 2657 718 2720 eis
737 2657 900 2742 opposuit,
914 2656 1023 2720 dicens
1046 2656 1106 2718 sibi
1126 2656 1248 2741 aliquid
1269 2679 1326 2741 per
1345 2657 1511 2720 canonicos

556 2759 677 2835 abesse,
693 2758 832 2843 eoquod
848 2756 931 2820 datis
946 2756 1186 2843 fidejussoribus
1209 2756 1370 2842 obligatus
1384 2770 1451 2823 erat
1470 2758 1510 2823 ad

556 2859 787 2925 conservandas
808 2859 958 2946 praefatas
980 2858 1128 2932 decimas,
1151 2882 1254 2944 usque
1275 2859 1315 2924 ad
1339 2858 1404 2925 litis
1426 2859 1510 2924 deci·

557 2962 687 3040 sionem,
710 2977 741 3027 et
765 2963 842 3049 quia
855 2986 908 3025 eas
930 2961 1106 3026 distrahere
1124 2982 1186 3024 uon
1203 2962 1328 3040 licebat,
1348 2962 1407 3026 sibi
1428 2986 1510 3048 prae-

551 3065 710 3150 judicium
732 3065 851 3129 factum
875 3065 1020 3127 asseruit.
1066 3063 1121 3126 Ad
1143 3066 1213 3126 haec
1233 3061 1373 3127 canonici
1391 3088 1424 3129 se
1438 3064 1509 3128 nul·

556 3168 620 3227 lam
643 3164 866 3248 obligationem
891 3185 910 3226 a
931 3162 1075 3226 Martino
1098 3166 1278 3240 extorsisse,
1301 3164 1350 3227 vel
1370 3165 1509 3251 aliquem

556 3265 682 3328 nomine
711 3287 820 3327 eorum
847 3276 1027 3327 constanter
1056 3266 1247 3331 asserebant.
1292 3267 1351 3332 Ille
1380 3291 1509 3353 quoque

556 3365 614 3451 qui
635 3364 835 3450 fidejussores
854 3387 873 3428 a
895 3365 1040 3429 Martiuo
1062 3380 1254 3451 susceperat,
1275 3391 1308 3431 se
1326 3391 1429 3453 neque
1455 3391 1509 3429 no·

556 3464 650 3544 mine,
673 3488 775 3550 neque
798 3466 948 3531 mandato
970 3466 1192 3531 canonicorum
1219 3491 1272 3531 eos
1299 3469 1379 3531 sicut
1397 3469 1508 3552 jurare

555 3580 687 3652 paratus
701 3579 780 3641 erat,
796 3570 951 3652 accepisse
966 3568 1107 3633 dicebat:
1130 3568 1185 3634 sed
1197 3570 1275 3654 quia
1286 3567 1509 3632 decimationes

555 3666 708 3753 litigiosas
729 3690 797 3731 esse
818 3666 958 3744 videbat,
983 3668 1107 3754 sibique
1130 3667 1257 3733 nolebat
1280 3671 1312 3731 in
1336 3665 1394 3728 hac
1415 3681 1507 3751 parte

555 3768 745 3854 prospicere,
766 3792 806 3833 ne
828 3768 913 3831 forte
933 3769 975 3833 ab
994 3792 1032 3832 eo
1053 3770 1155 3854 repeti
1174 3780 1313 3853 possent,
1330 3766 1356 3829 si
1378 3789 1430 3829 eas
1448 3767 1508 3829 im-

555 3871 728 3953 prudenter
757 3864 877 3955 injus'to
906 3870 1045 3935 exactori
1078 3870 1231 3934 solvisset.
1290 3866 1381 3930 Idem
1411 3869 1508 3932 etiam

554 3970 768 4055 fidejussionis
795 3971 1021 4056 obligationem
1048 3969 1190 4034 Martino
1216 3968 1345 4047 remisit,
1369 3982 1401 4032 et
1431 3970 1509 4033 fide.

550 4071 732 4155 jussoribus
757 4072 836 4133 suis:
876 4073 961 4135 unde
985 4095 1082 4157 quum
1103 4069 1346 4153 interloquendo
1368 4094 1508 4154 pronun-

554 4170 699 4244 tiaretur,
723 4168 803 4231 hanc
830 4171 1047 4255 exceptionem
1071 4191 1272 4253 nequaquam
1297 4170 1439 4235 sufficere
1465 4172 1506 4235 ad
1550 4220 1554 4227 .

552 4293 657 4335 causae
671 4268 867 4347 dilationem,
881 4286 913 4334 et
931 4284 966 4333 ut
982 4271 1143 4334 Martinus
1156 4270 1188 4333 in
1205 4293 1299 4336 causa
1319 4273 1506 4358 procederet

553 4373 746 4457 exigeretur,
776 4370 817 4434 ad
848 4383 985 4435 vestram
1024 4372 1218 4437 audientiam
1254 4376 1430 4460 appellavit
1464 4376 1517 4439 ad'

556 4478 660 4554 Quasi
676 4474 764 4537 modo
774 4475 888 4554 geniti.
