3875 5725
500 832 564 892 200
757 846 892 891 ausuros
907 847 1183 894 sannsssnrsusrs
1361 833 1413 915 [a
1428 854 1462 899 u.

501 997 614 1074 facere,
639 997 768 1080 justitia
795 998 946 1074 dictante,
975 998 999 1061 si
1029 1000 1184 1084 placuerit
1211 999 1267 1064 illi.
1312 1005 1382 1066 Nec
1407 1018 1461 1066 est

501 1097 588 1182 quod
618 1121 740 1182 possem
768 1121 840 1162 cum
867 1101 1051 1184 integritate
1074 1101 1168 1165 farnae
1194 1116 1227 1167 et
1253 1103 1456 1168 conscientiae

501 1197 614 1274 facere,
642 1201 725 1282 quod
752 1223 811 1282 pro
838 1201 1053 1286 recuperanda
1077 1226 1155 1287 pace
1181 1216 1212 1270 et
1242 1204 1346 1290 gratia
1372 1205 1457 1290 ejus,

498 1300 604 1363 animo
635 1300 746 1366 libenti
777 1325 839 1365 non
868 1302 991 1367 faciam.
1039 1304 1168 1371 Placeat
1198 1305 1307 1392 itaque
1334 1319 1455 1371 vestrae

499 1399 674 1483 dignationi
692 1424 741 1465 me
756 1403 786 1464 in
804 1404 861 1465 hac
879 1416 967 1487 parte
984 1403 1024 1465 ad
1040 1402 1189 1468 honorem
1204 1406 1266 1469 Dei
1281 1409 1454 1482 instruere,

498 1514 531 1565 et
561 1502 637 1565 mihi
667 1526 724 1588 per
753 1503 985 1589 imperatricem
1013 1518 1044 1568 et
1074 1506 1163 1583 alios,
1189 1520 1226 1572 ut
1252 1507 1453 1571 commodius

499 1604 602 1668 visum
618 1605 726 1684 fuerit,
740 1628 849 1690 pacem
871 1607 931 1669 sub
952 1607 1053 1692 aequis
1068 1609 1313 1686 conditionibus,
1330 1609 1451 1674 scilicet

498 1707 565 1770 sine
580 1707 793 1792 turpitudine,
808 1730 988 1793 procurare.

519 1941 739 2007 EPIS'POLA
764 1943 952 2006 thL.-An
967 1961 1114 2006 anonam
1129 1962 1425 2007 camminensem.

860 2043 904 2122 [a.
923 2063 953 2106 n.
973 2045 1081 2125 rica]

554 2177 683 2239 Ttomae
700 2177 931 2239 Contucciensc‘
946 2180 1188 2262 archiepiscopo,
1203 2181 1348 2244 loannes
1362 2181 1402 2244 dc

876 2280 1072 2342 Sarcsberia.

539 2417 592 2478 Ex
607 2417 757 2479 relatione
769 2417 876 2479 latoris
889 2417 1104 2498 praesentium,
1118 2429 1150 2481 et
1165 2416 1261 2480 literis
1272 2439 1352 2501 quas
1367 2419 1447 2482 mihi

493 2519 587 2582 amici
600 2518 661 2580 mei
673 2519 713 2580 ab
727 2518 842 2598 Anglia
853 2519 1105 2594 transmiserunt,
1116 2517 1260 2600 poteritis
1272 2519 1446 2596 advertere,

493 2621 565 2703 quis
579 2619 725 2683 ecclesiae
741 2630 840 2683 status
863 2620 951 2682 sitin
972 2640 1079 2701 regno.
1117 2619 1214 2681 Mitto
1234 2620 1329 2682 etiam
1353 2621 1447 2684 vobis

491 2723 609 2800 literas,
634 2745 715 2806 quas
741 2723 819 2785 mihi
845 2722 931 2784 misit
958 2723 1132 2805 episcopus
1162 2721 1360 2794 Baiocensis,
1388 2743 1448 2805 per

491 2826 646 2889 nuncium
660 2845 778 2901 meum,
793 2844 889 2907 quem
904 2823 1065 2906 adipsum
1080 2821 1322 2899 destinaveram,
1337 2833 1374 2886 ut
1387 2844 1447 2907 per

491 2930 598 3011 ipsum
620 2929 802 2991 certiorarer
822 2926 861 2989 de
885 2939 968 2989 statu
989 2926 1092 2988 fratris
1115 2927 1188 2999 mei,
1209 2936 1242 2989 et
1260 2946 1364 2987 rerum
1386 2949 1446 2990 no-

493 3042 637 3094 strarum.
661 3031 736 3092 Rex
746 3030 830 3091 enim
841 3030 870 3090 ei
880 3029 1080 3090 commiserat
1090 3027 1212 3090 reditus
1220 3037 1447 3109 nostrosquos

491 3135 524 3196 in
540 3132 771 3197 saresberiensi
786 3131 974 3213 episcopatu
990 3130 1197 3193 habebamus.
1232 3132 1322 3202 Quos
1337 3144 1444 3192 autem

489 3235 686 3295 habebamus
702 3232 735 3292 in
747 3231 817 3292 aliis
832 3230 980 3292 ecclesiis
995 3232 1110 3312 partim
1124 3230 1340 3293 Londoniensi
1354 3251 1442 3293 com·

490 3330 585 3404 misit,
602 3332 715 3413 partim
732 3331 821 3393 aliis:
848 3331 904 3413 qui
922 3340 1043 3393 tantam
1065 3331 1262 3413 diligentiam
1277 3332 1441 3406 adhibent,

489 3446 525 3497 ut
539 3428 618 3494 nihil
634 3430 709 3493 inde
726 3431 884 3513 possimus
900 3431 1017 3493 habere
1033 3453 1093 3512 ego
1109 3442 1141 3494 et
1156 3433 1249 3496 frater
1264 3456 1363 3511 meus,
1379 3456 1440 3499 nec

489 3536 605 3619 aliquis
620 3533 750 3595 nomine
766 3545 894 3607 nostr03
917 3545 948 3595 et
964 3532 1048 3595 sicut
1062 3534 1201 3599 referunt
1216 3538 1271 3617 qui
1288 3535 1327 3598 de
1342 3538 1441 3621 parti-

489 3642 550 3703 bus
564 3638 628 3700 illis
649 3635 794 3710 redeunt,
808 3655 857 3697 res
879 3646 995 3697 nostrae
1014 3634 1231 3718 dilapidantur
1249 3637 1390 3713 omnino,
1406 3652 1442 3702 ut

488 3764 549 3805 nec
569 3739 726 3812 ecclesiae,
742 3759 803 3801 nec
819 3737 932 3800 domus
953 3737 1143 3800 reficiantur.
1181 3741 1253 3819 Ego
1269 3761 1362 3823 super
1377 3735 1440 3803 hoc
1473 3737 1476 3743 ’

488 3857 521 3907 et
533 3844 593 3926 ipsi
607 3840 824 3904 bondoniensi
836 3839 962 3921 scripsi,
973 3849 1005 3902 et
1017 3838 1258 3913 Herefordensi,
1271 3850 1303 3902 et
1314 3840 1440 3920 Wigor-

488 3945 590 4017 nensi,
608 3952 639 4004 et
660 3940 855 4004 Oiccstrensi
878 3940 1051 4022 episcopis,
1067 3951 1099 4002 et
1121 3939 1345 4003 archidiacono
1368 3939 1442 4003 Pic-

487 4046 630 4108 taviensi.
669 4044 880 4105 Cicestrensis
896 4053 1001 4104 autem
1017 4063 1050 4103 se
1065 4063 1085 4103 a
1105 4041 1229 4104 domini
1243 4041 1326 4121 regis
1341 4042 1442 4121 gratia

487 4142 646 4207 excidisse
668 4144 879 4224 conqueritur,
896 4142 1013 4203 ethaeo
1030 4144 1126 4203 verba
1142 4142 1324 4224 subjungit:
1353 4141 1440 4215 Quia

483 4246 569 4313 solus
599 4240 833 4303 hambiensis
867 4247 1015 4302 censetur
1048 4245 1179 4304 nomiae
1205 4263 1272 4305 uio.
1322 4244 1440 4305 Nullus

485 4350 619 4415 aliorum
645 4341 723 4403 mihi
748 4339 922 4420 respondit.
960 4342 1130 4424 Exspecto
1149 4355 1256 4433 tamen
1275 4356 1308 4405 ut
1326 4346 1437 4406 saltem

485 4449 581 4514 verba
593 4447 670 4510 dent
682 4443 760 4505 mihi
773 4442 869 4503 veteri
881 4443 984 4506 amico
1001 4466 1060 4508 suo
1076 4446 1109 4507 in
1125 4446 1226 4509 reditu
1243 4447 1354 4509 nuncii
1364 4445 1437 4507 mei.
