3875 5725
574 870 614 928 96
822 859 959 928 sossius
976 879 1255 925 saansnnamusrs
1426 861 1473 940 [a.
1491 881 1522 923 n.

566 1033 634 1116 jam
658 1032 763 1118 palam
787 1031 925 1116 erumpit
950 1029 1106 1114 impietas,
1129 1042 1161 1093 et
1184 1043 1219 1093 ut
1243 1028 1406 1093 audaciam
1434 1047 1520 1093 tuam

569 1154 713 1198 exerceas
734 1134 766 1197 in
790 1133 993 1196 innocentum
1016 1130 1153 1208 laesione,
1179 1132 1324 1194 Romano
1347 1130 1521 1207 schismati,

568 1245 600 1300 et
615 1248 732 1301 nostrae
754 1235 932 1299 infirmitati
948 1255 1041 1318 aeque
1056 1232 1297 1316 congratularis.
1330 1231 1392 1294 Sed
1409 1244 1521 1317 potens

569 1349 616 1402 est
641 1339 809 1411 Dominus,
832 1358 920 1400 suam
944 1355 1088 1398 serenare
1112 1333 1299 1408 Ecclesiam,
1322 1346 1354 1397 et
1377 1347 1520 1396 nostrum

568 1460 628 1525 pro
656 1437 856 1523 beneplacito
888 1459 945 1500 suo
976 1434 1113 1498 relevare
1143 1434 1295 1512 laborem,
1323 1448 1355 1498 et
1383 1434 1439 1498 tibi
1463 1458 1522 1520 pro

568 1541 688 1605 meritis
701 1540 900 1625 respondere.
925 1537 1161 1601 Distuleramus
1170 1559 1295 1622 poenam
1308 1538 1520 1622 suspensionis

568 1642 610 1706 ad
625 1654 762 1727 tempus,
779 1641 845 1717 sed,
862 1654 897 1703 ut
914 1639 1034 1703 dicitur
1049 1651 1085 1702 tu
1109 1635 1233 1702 diutius
1247 1659 1372 1722 poeuam
1390 1660 1519 1722 suspen-

569 1743 665 1807 sionis
681 1765 741 1806 nnn
758 1741 876 1828 pateris
891 1739 1052 1824 suspendi.
1099 1738 1219 1803 Niteris
1234 1738 1315 1801 enim
1340 1739 1421 1801 sedis
1439 1743 1520 1822 Apa

569 1842 689 1908 stolicae
700 1851 820 1908 statuta
829 1841 1016 1906 convellere.
1040 1841 1133 1906 Etad
1146 1840 1369 1906 succidendam
1383 1841 1518 1904 radicem

567 1943 762 2009 fundaminis
777 1945 837 2020 tui,
854 1942 986 2007 securim
1010 1964 1161 2026 provocas
1180 1943 1390 2005 festinantem.
1436 1945 1520 2006 Con-

569 2058 631 2111 stat
648 2047 731 2110 onim
743 2045 895 2109 dilectum
909 2041 1009 2107 fiIium
1022 2056 1165 2106 nostrum
1179 2043 1357 2106 Jordanum
1373 2044 1519 2106 Saresbe-

568 2147 678 2210 niensis
695 2146 833 2210 ecclesiae
849 2145 1080 2208 thesaurarium
1093 2168 1112 2207 a
1128 2147 1268 2209 Domino
1280 2169 1364 2232 papa
1376 2145 1520 2210 Adriano

567 2246 600 2329 in
623 2247 849 2333 possessionem
872 2246 1012 2310 ecclesiae
1035 2247 1075 2310 de
1097 2247 1201 2311 FroiIa
1223 2248 1462 2312 confirmatum:
1487 2263 1519 2311 et

569 2362 605 2414 tu
633 2371 717 2424 eum,
741 2351 821 2412 sicut
847 2348 916 2433 ejus
939 2348 1059 2411 indicat
1083 2348 1293 2433 querimonia,
1317 2353 1348 2411 in
1371 2350 1519 2434 injuriam

568 2449 844 2534 sedisapostolicae
858 2463 890 2513 et
902 2463 1054 2524 nostram,
1067 2448 1219 2512 violenter
1230 2463 1262 2514 et
1277 2473 1372 2513 manu
1389 2462 1521 2529 armata,

567 2551 652 2637 quod
680 2573 737 2614 nec
761 2551 934 2626 foeminam,
964 2573 1021 2614 nec
1042 2550 1226 2626 Monialem,
1251 2573 1307 2613 nec
1337 2551 1517 2634 religiosum

567 2650 748 2739 quempiam
761 2652 862 2729 decet,
874 2650 1048 2714 destituere
1059 2650 1300 2736 praesumpsisti.
1347 2653 1430 2728 Quia
1442 2676 1518 2738 ergo

566 2753 596 2831 ei
609 2753 783 2836 injustitia
803 2752 911 2815 deesse
930 2774 993 2814 non
1014 2775 1195 2839 possumus,
1219 2752 1277 2816 tibi
1302 2754 1517 2838 praecipiendo

566 2855 765 2932 mandamus,
782 2869 939 2942 quatenus
953 2857 982 2919 ei
998 2869 1055 2919 aut
1076 2851 1241 2939 praefatam
1261 2853 1421 2919 ecclesiam
1444 2880 1516 2920 cum

568 2958 748 3025 ablatorum
771 2957 953 3041 integritate
972 2957 1038 3021 sine
1061 2953 1211 3020 dilatione
1231 2957 1389 3036 restituas
1409 2973 1464 3021 aut
1484 2960 1515 3021 iu

566 3061 687 3134 octavis
702 3060 937 3145 Assumptionis
962 3060 1065 3123 beatae
1085 3059 1198 3122 Mariae
1213 3072 1322 3122 nostro
1336 3060 1514 3144 conspectui

569 3181 665 3245 super
686 3159 819 3242 objectis
838 3180 990 3243 appareas
1010 3179 1227 3242 responsurus.
1273 3158 1365 3223 Licet
1379 3160 1460 3221 enim
1477 3161 1516 3223 de

562 3261 636 3346 jure
652 3273 739 3323 tuam
757 3246 924 3344 possemus
940 3260 1053 3344 punire
1068 3258 1333 3324 inobedientiam:
1357 3259 1516 3324 malumus

566 3373 670 3424 tamen
686 3384 743 3445 per
762 3360 944 3447 patientiam
966 3371 1133 3445 expectare
1154 3359 1230 3425 dum
1253 3363 1316 3423 cito
1330 3373 1434 3425 errata
1448 3385 1515 3424 cor-

566 3458 662 3546 rigam
690 3473 721 3525 et
752 3462 794 3525 sic
816 3461 985 3524 imminens
1007 3460 1170 3545 flagellum
1194 3462 1326 3525 evadere
1355 3462 1514 3526 merearis.

567 3563 718 3626 Munitus
733 3577 779 3628 est
801 3564 964 3628 Jordanus
987 3563 1162 3649 apostolico
1180 3561 1356 3647 privilegio,
1372 3566 1515 3627 munitus

566 3678 613 3729 est
625 3665 739 3729 litteris
755 3666 829 3740 tuis,
846 3666 991 3729 munitus
1005 3680 1053 3730 est
1075 3665 1202 3729 testium
1219 3662 1416 3740 sufficientia,
1434 3666 1514 3728 sicut

566 3765 660 3846 nosti,
685 3781 717 3832 et
739 3769 916 3832 meminisse
938 3767 1105 3845 debueras,
1133 3790 1229 3854 quam
1253 3766 1401 3847 fideliter,
1418 3790 1512 3851 quam

567 3869 687 3936 utiliter
703 3872 770 3958 ipse
785 3886 816 3936 et
832 3871 881 3936 sui
897 3893 1038 3957 persaepe
1054 3870 1246 3934 sudaveriut.
1307 3897 1311 3906 ·

822 4130 1058 4192 'EPISTOLA
1084 4130 1243 4191 LXXIII.

609 4258 761 4321 OPTaros
787 4257 865 4318 mihi
892 4281 1054 4321 successus
1078 4260 1208 4321 fortuna
1237 4262 1372 4338 invidet,
1401 4274 1433 4324 et
1460 4266 1513 4346 pio

564 4359 691 4424 affectui
722 4355 891 4444 saepissime
921 4358 1019 4444 impia
1048 4360 1238 4425 reluctatur.
1299 4364 1337 4425 In
1368 4364 1514 4448 partibus

565 4464 676 4529 vestris
698 4462 801 4526 cordis
825 4464 885 4525 mei
915 4462 1083 4529 thesaurus
1106 4464 1228 4550 pridem
1255 4465 1377 4529 Iocatus
1399 4478 1458 4545 est,
1482 4481 1512 4531 et
