3875 5725
407 888 600 971 1159-64]
788 907 968 954 umsrora.
1300 893 1360 953 175

403 1070 520 1123 nostrae
543 1058 751 1144 gravissimus
772 1071 968 1144 persecutor,
990 1058 1172 1124 Willelmus
1194 1057 1234 1121 de
1257 1060 1359 1143 Ypra,

402 1160 610 1226 exhaeredato
625 1158 755 1225 domino
769 1159 875 1240 fundi,
891 1173 1069 1245 utcumque
1083 1160 1115 1224 in
1131 1161 1358 1246 possessionem

401 1262 528 1327 admitti
550 1263 789 1349 impetraverat.
834 1261 964 1325 Fraude
995 1283 1070 1324 vero
1100 1260 1282 1325 collusionis
1311 1259 1359 1323 in·

402 1365 617 1440 tervanieutis,
648 1376 685 1428 ut
714 1367 759 1428 eis
795 1364 962 1449 praefatam
1001 1363 1162 1427 ecclesiam
1198 1362 1358 1436 cederent,

403 1467 573 1530 monachos
599 1466 736 1553 praeiato
760 1464 865 1529 Odoni
893 1478 998 1529 certos
1022 1463 1146 1528 reditus
1171 1465 1358 1548 assignasse,

401 1579 434 1632 et
463 1568 524 1631 hoc
554 1567 649 1631 etiam
671 1565 799 1651 publice
827 1579 939 1628 notum
962 1589 1029 1629 esse
1058 1565 1228 1640 asserebat,
1250 1577 1283 1629 et
1311 1565 1358 1628 ita

403 1667 562 1732 mediante
587 1666 728 1728 Simonia
750 1664 965 1728 detentionem
985 1663 1124 1728 ecciesiae
1143 1668 1358 1749 qualemcum·
1423 1654 1425 1658 ¹

405 1792 470 1855 que
485 1768 648 1840 habuisse,
671 1765 843 1829 venerabili
865 1766 965 1829 fratre
987 1777 1096 1828 nostro
1118 1768 1246 1849 Rogero
1271 1766 1360 1829 Ebo-

404 1868 525 1932 raceusi
541 1867 599 1954 qui
614 1888 699 1930 nunc
713 1878 772 1946 est,
793 1878 869 1930 tunc
891 1865 1115 1932 Cantuariensi
1130 1864 1359 1929 archidiacono.

407 1971 480 2033 Hoc
496 1970 603 2055 ipsum
618 1964 792 2053 apostolica
806 1970 998 2031 auctoritate
1014 1965 1188 2042 inhibente,
1200 1978 1361 2051 postremo

407 2069 571 2133 Abbatem
587 2080 619 2132 et
641 2067 811 2130 monachos
833 2067 932 2130 sancti
955 2067 1090 2142 Bertini,
1106 2067 1163 2151 qui
1178 2066 1360 2143 adfuerant,

407 2193 506 2257 quum
530 2169 734 2255 supradictus
757 2181 912 2255 tyrannus
942 2189 1083 2252 aregno
1105 2168 1235 2252 Angliae
1257 2182 1361 2235 exter·

405 2273 592 2348 minaretur,
609 2271 658 2336 liti
680 2284 712 2335 et
728 2271 901 2336 detentioni
922 2293 1019 2356 quam
1036 2270 1225 2347 habuerant,
1241 2272 1273 2336 in
1290 2294 1361 2358 per-

405 2389 540 2461 petuum
562 2375 760 2438 renuntiasse
782 2374 922 2449 dicebat,
953 2386 990 2437 ut
1020 2373 1145 2437 fructus
1168 2373 1360 2459 supradicta

404 2478 557 2554 ecclesia,
569 2475 775 2563 permittente
788 2477 939 2551 Domino,
952 2475 1059 2539 liceret
1072 2488 1242 2560 asportare.
1279 2477 1361 2539 Haec

405 2578 535 2664 quidem
549 2578 657 2643 omnia
666 2577 812 2664 promisit
825 2601 857 2641 se
869 2576 1131 2641 sufficientissime
1141 2577 1359 2661 probaturum.

406 2679 567 2742 Praeterea
582 2701 614 2740 se
629 2677 669 2740 ad
686 2678 882 2761 majestatem
900 2689 1048 2755 vestram,
1063 2688 1100 2741 ut
1114 2676 1159 2740 ibi
1171 2677 1316 2740 fraudem
1329 2691 1361 2744 et

406 2779 558 2843 malitiam
583 2779 809 2841 monachorum
832 2778 1007 2862 detegeret,
1025 2779 1092 2863 jam
1116 2781 1246 2841 nuntios
1265 2778 1361 2841 desti-

405 2905 496 2946 nasse
518 2881 665 2944 dicebat:
689 2880 898 2943 nihilominus
914 2878 945 2941 in
962 2892 1071 2942 nostra
1093 2879 1256 2943 audientia
1272 2902 1360 2944 suam

408 2997 538 3069 paratus
549 2982 761 3046 innocentiam
774 2995 806 3046 et
817 2980 978 3067 justitiam
991 2980 1217 3045 demonstrare.
1253 2983 1360 3059 Quum

406 3107 482 3167 ergo
508 3084 548 3146 de
574 3083 708 3147 veritate
734 3104 877 3167 precum,
904 3096 941 3144 ut
968 3081 1148 3165 oportebat,
1175 3104 1361 3167 cognoscere

407 3185 560 3260 volentes,
584 3183 747 3247 monachis
769 3183 1008 3269 praefigeremus
1034 3182 1131 3264 diem,
1153 3184 1214 3269 ipsi
1240 3208 1272 3248 sc
1298 3206 1360 3247 non

407 3286 571 3350 subituros
600 3309 738 3363 causam,
764 3286 825 3351 nisi
856 3289 936 3350 citra
965 3286 1177 3371 cognitionem
1215 3286 1363 3352 restitue-

406 3400 528 3468 rentur,
543 3386 789 3473 responderunt.
835 3388 903 3450 Nos
918 3410 995 3471 ergo
1009 3387 1041 3451 in
1065 3388 1287 3475 praejudicium
1303 3389 1362 3467 rei,

407 3504 439 3555 et
454 3491 693 3556 subversionem
710 3491 795 3577 juris
817 3490 988 3576 procedere
1008 3491 1160 3567 nolentes,
1176 3491 1360 3558 mandatum

411 3612 628 3678 expectamus,
645 3594 736 3658 vobis
751 3593 783 3657 in
798 3592 959 3667 omnibus,
975 3605 1006 3657 et
1022 3616 1079 3679 per
1094 3595 1200 3658 omnia
1215 3594 1361 3680 parituri.

549 3930 771 3994 EPISTOLA
795 3931 1055 3994 CXXVll.-an
1072 3949 1225 3993 ananau.

652 4072 791 4136 Domino
806 4073 909 4154 Papae
924 4071 1120 4135 Aleucndro.

453 4187 557 4250 Llcur
572 4188 604 4252 in
619 4212 673 4252 ore
688 4189 873 4255 nuntiorum
898 4203 1091 4267 nostrorum,
1106 4189 1226 4275 quibus
1248 4192 1361 4259 merito

410 4287 585 4351 honestatis
607 4303 639 4353 et
661 4291 736 4356 fidei
759 4294 854 4357 fidem
879 4292 987 4357 haberi
1010 4301 1147 4378 oportet,
1163 4294 1363 4379 posuerimus

413 4389 510 4453 verba
539 4403 657 4470 nostra,
687 4391 865 4458 litterarum
897 4409 1000 4459 tamen
1030 4394 1148 4459 indicio
1177 4396 1362 4481 paternitati

410 4503 524 4555 vestrae
552 4491 730 4576 significare
755 4495 948 4575 curavimus,
972 4496 1111 4581 qualiter
1135 4497 1169 4561 in
1195 4497 1363 4583 praesentia
