3875 5725
747 865 884 911 tosssrs
898 862 1175 908 senessi-:massis
1348 848 1395 928 [a.
1412 865 1445 910 o.

648 1108 869 1178 EPISTOLA
894 1110 1112 1174 XVIll.—sn
1131 1128 1283 1174 sunosio.

833 1272 982 1335 Adriano
996 1273 1105 1354 Papa.

531 1410 633 1486 Quurr
657 1407 738 1472 inter
756 1405 892 1491 priorem
916 1404 957 1468 de
974 1405 1193 1484 pritelewella,
1210 1418 1242 1471 et
1264 1406 1447 1473 Robertum

489 1509 648 1598 quendam
666 1506 878 1573 controversia
891 1528 986 1592 snper
1001 1507 1130 1572 ecclesia
1146 1508 1186 1570 de
1198 1508 1449 1595 wacheringiis,

487 1612 626 1701 quadam
648 1610 833 1685 collusione,
851 1623 887 1673 ut
909 1609 949 1673 de
965 1609 1074 1674 eadem
1101 1609 1233 1674 ecclesia
1246 1611 1388 1676 Ricardo
1408 1613 1449 1678 de

488 1713 594 1780 Ambli
619 1711 838 1799 praejudicium
864 1709 965 1790 lieret,
988 1725 1177 1786 verteretur,
1200 1711 1330 1776 absente
1352 1737 1391 1777 eo
1414 1726 1447 1778 et

489 1840 551 1881 non
574 1817 683 1896 citato,
699 1811 856 1879 Ricardus
878 1811 917 1875 de
934 1811 1054 1887 Ambli,
1071 1812 1125 1897 qui
1147 1811 1291 1895 prefata
1310 1814 1449 1880 ecclesiae
1528 1848 1532 1856 ·

488 1916 593 1980 fuerat
622 1935 791 1999 possessor,
812 1934 871 1997 per
896 1909 1038 1996 ejusdem
1068 1911 1182 1998 prioris
1206 1913 1448 1993 concessionem,

489 2013 735 2078 reclamantibus
750 2008 943 2094 quibusdam
966 2009 1088 2073 clericis
1111 2011 1253 2092 llicnrdi,
1268 2012 1384 2078 iterum
1401 2029 1449 2080 at-

490 2129 554 2201 que
565 2115 678 2177 iterum
692 2111 863 2174 absentiam
878 2112 957 2197 ejus,
967 2112 1243 2196 praetendentibus
1254 2127 1285 2177 et
1299 2137 1373 2179 eum
1387 2139 1449 2181 non

492 2216 624 2279 citatum
649 2212 884 2298 objicientibus,
905 2212 1053 2275 dominus
1078 2214 1317 2294 Londoniensis,
1335 2216 1451 2282 nihilo·

492 2316 599 2380 minus
614 2337 673 2400 pro
686 2313 824 2378 Ricardo
840 2314 1029 2378 sententiam
1042 2313 1117 2378 tulit
1130 2315 1283 2381 advorsus
1298 2318 1448 2404 priorem,

491 2417 546 2504 qui
565 2416 608 2480 sic
632 2416 712 2480 vinci
729 2415 891 2479 victoriam
918 2416 1089 2501 reputavit.
1135 2417 1262 2482 Deinde
1277 2443 1379 2505 quum
1402 2423 1449 2485 in-

493 2516 667 2581 continenti
678 2513 760 2579 lacta
770 2515 1146 2602 appellatione,aclericis
1156 2517 1450 2585 RicardideAmbli

492 2619 533 2684 ad
547 2632 685 2682 nostram
698 2618 912 2703 presentiam,
924 2615 1072 2686 dominus
1085 2617 1316 2682 Londoniensis
1327 2632 1451 2685 senten·

422 2724 426 2733 “
493 2723 570 2786 tiam
580 2718 785 2797 suam,misso
795 2717 932 2802 quodam
942 2718 1450 2797 sacerdoteWillelmo,niteretur

494 2822 673 2889 executioni
705 2820 866 2896 mandare,
893 2817 997 2882 clerici
1025 2819 1156 2883 Ricardi
1180 2818 1359 2887 Robertum
1389 2846 1451 2888 nou

493 2926 701 3002 admiserunt,
714 2947 771 2987 nec
783 2922 933 3009 injuriose
946 2920 1141 3000 restiterunt,
1154 2922 1235 2986 sicut
1246 2926 1449 3009 postmodum

493 3028 636 3092 sacerdos
659 3028 819 3090 confessus
842 3037 901 3098 est,
925 3023 980 3088 sed
1004 3023 1258 3088 adversariorum
1281 3048 1396 3090 manus
1419 3028 1451 3091 vi

495 3124 745 3189 moderatissima
757 3122 950 3207 repulerunt,
977 3125 1191 3195 Quamobrem
1204 3124 1353 3191 dominus
1365 3126 1452 3188 Lon-

494 3223 663 3296 doniensis,
693 3221 803 3284 audita
833 3222 1031 3306 querimonia
1063 3224 1208 3298 Roberti,
1239 3226 1326 3310 quod
1357 3226 1389 3288 in
1415 3250 1448 3289 sc

494 3345 608 3389 manus
637 3323 790 3387 violentus
819 3320 923 3385 clerici
955 3324 996 3386 de
1024 3324 1142 3410 Ambly
1172 3326 1365 3411 injecissent,
1394 3350 1448 3391 eos

495 3425 700 3490 denunciavit
720 3425 1030 3496 excommunicatos;
1057 3427 1099 3489 G.
1115 3426 1233 3491 scilicet
1248 3430 1452 3510 sacerdotem,

496 3533 529 3595 S.
541 3534 579 3593 A.
589 3549 672 3614 quos
683 3526 754 3589 licet
765 3527 862 3611 hujus
872 3525 1013 3589 criminis
1024 3532 1126 3606 [reos]
1136 3527 1347 3607 crederemus,
1354 3554 1453 3617 stepe-

496 3654 628 3696 numero
652 3628 873 3691 mandavimus
890 3628 1019 3690 domino
1043 3628 1274 3694 Londoniensis
1293 3644 1453 3717 qnatenus

497 3760 549 3799 eos
572 3757 630 3820 pro
653 3753 714 3794 non
734 3730 1014 3793 excommunicatis
1036 3730 1177 3810 haberet,
1196 3745 1231 3795 ut
1252 3734 1384 3798 fuerunt
1400 3735 1454 3799 die

496 3835 718 3924 appellationis
741 3834 781 3897 ad
798 3856 854 3897 nos
875 3833 980 3905 factae,
996 3845 1051 3896 aut
1074 3832 1184 3897 saltem
1202 3849 1332 3921 accepto
1353 3858 1454 3899 sacra-

497 3952 603 4002 mento
625 3939 666 4000 ab
689 3937 734 3999 eis
749 3934 837 4021 qnod
856 3934 923 4020 juri
948 3946 1107 4018 parerent,
1122 3934 1312 3998 absolveret.
1358 3936 1455 4011 Quod

498 4059 598 4122 quum
623 4037 726 4100 facere
753 4036 940 4114 distulisset,
962 4036 1004 4097 ab
1026 4035 1071 4097 eis
1099 4049 1343 4117 sacramentum,
1365 4038 1455 4121 quod

492 4138 616 4225 judicio
632 4136 841 4201 ecclesiastico
856 4151 1014 4224 parerent,
1028 4139 1220 4225 accepimus,
1233 4140 1285 4202 die
1300 4141 1360 4204 sibi
1373 4164 1456 4227 pras·

497 4238 598 4317 finito,
614 4236 800 4302 adversariis
811 4235 842 4300 in
856 4239 1044 4324 probatione
1057 4241 1288 4317 deficientibus,
1301 4255 1333 4306 et
1345 4243 1455 4307 audita

499 4364 623 4407 reorum
640 4337 839 4429 purgatione,
854 4340 894 4401 ab
912 4339 1041 4424 objecto
1063 4342 1122 4407 sibi
1138 4344 1269 4408 crimine
1285 4367 1338 4408 eos
1353 4344 1456 4408 absol-

499 4467 611 4511 vimus.
