3875 5725
561 838 623 896 266
691 909 694 914 Α
820 850 956 894 mamus
973 848 1252 894 sanusnnumnsrs
1424 836 1471 915 [Δ.
1489 855 1522 898 n.

563 1000 640 1065 tiam
667 1021 828 1064 sacrorum
851 1022 1021 1075 canonum,
1044 1011 1101 1063 aut
1122 1010 1208 1063 certe
1231 1000 1329 1084 ipsius
1350 1003 1523 1087 Evangelii

563 1102 738 1168 custodiam
757 1102 941 1186 juramento
961 1101 1102 1188 praestito
1117 1101 1285 1185 obligaret,
1300 1103 1361 1167 nisi
1377 1105 1458 1169 forte
1481 1128 1522 1170 eo

563 1207 665 1292 major
680 1204 720 1268 sit
734 1204 789 1290 qui
804 1227 871 1267 suae
883 1204 1027 1267 conscius
1040 1203 1244 1280 infirmitatis,
1257 1215 1291 1268 et
1303 1205 1392 1269 testis
1403 1219 1520 1272 nostroe

561 1306 759 1381 humilitatis,
791 1305 969 1380 confitetur,
1001 1305 1077 1390 qnia
1114 1306 1146 1368 in
1184 1306 1294 1370 multis
1325 1308 1517 1372 offendimus

561 1431 680 1475 omnes.
728 1408 762 1472 Si
782 1409 822 1471 de
845 1407 1014 1492 praeteritis
1029 1419 1153 1491 agatur,
1169 1431 1233 1471 non
1252 1430 1345 1493 nego,
1361 1432 1412 1473 me
1429 1414 1517 1477 Can·

560 1510 713 1576 tuariensi
734 1509 981 1594 archiepiscopo,
1004 1509 1086 1573 sicut
1112 1511 1243 1575 domino
1265 1523 1298 1575 ct
1322 1511 1403 1597 patri
1428 1534 1516 1592 meo,

560 1613 706 1677 debitum
718 1623 752 1676 et
762 1614 912 1676 devotum
926 1611 1108 1697 praestitisse
1120 1613 1324 1700 obsequium:
1348 1625 1381 1679 et
1391 1614 1516 1679 utinam

560 1715 718 1781 efficacius
740 1714 967 1802 praestitissem‚
985 1738 1201 1802 necunquam
1219 1716 1361 1783 Domino
1380 1717 1517 1802 propitio

559 1817 677 1882 abhoc
700 1840 757 1903 pro
782 1840 985 1904 quacumque
1008 1817 1146 1882 utilitate
1169 1829 1202 1882 et
1223 1819 1342 1882 damno
1364 1820 1516 1895 deducar,

561 1931 597 1983 ut
622 1919 789 1983 dominum
819 1942 939 1997 meum,
966 1919 1162 2006 quicumque
1188 1919 1240 1998 sit,
1266 1920 1444 2005 abjurando
1465 1921 1517 1986 vel

558 2023 758 2108 abnegando,
774 2024 932 2087 maculem
955 2024 1052 2087 vitam
1075 2046 1193 2099 meam,
1215 2023 1315 2085 immo
1337 2034 1370 2086 et
1392 2046 1516 2088 memo·

559 2127 638 2190 riam
654 2126 792 2190 nominis
807 2137 840 2189 et
854 2127 957 2209 gentis
972 2149 1055 2189 meae
1071 2149 1176 2189 coram
1193 2129 1264 2190 Deo
1276 2136 1309 2188 et
1320 2125 1513 2191 hominibus.

603 2231 766 2293 Caeterum
783 2229 864 2292 sieut
879 2252 898 2291 a
920 2228 1064 2312 pluribus
1079 2228 1199 2313 accepi,
1217 2228 1276 2290 nisi
1292 2229 1362 2291 haee
1377 2240 1409 2291 et
1431 2251 1515 2314 prae-

557 2330 643 2394 dicta
663 2331 779 2409 fecero,
801 2353 913 2414 pacem
941 2331 1020 2392 mihi
1047 2331 1212 2394 reformari
1235 2343 1290 2394 aut
1316 2331 1513 2416 impossibile

556 2442 612 2496 aut
640 2431 862 2494 difficillimum
885 2443 942 2496 est.
983 2432 1051 2515 ,Ad
1081 2433 1141 2496 hoc
1170 2433 1278 2519 itaque
1308 2435 1461 2519 proficiat,
1486 2437 1513 2499 si

555 2533 671 2618 placet,
687 2533 852 2616 vigilantia
874 2533 996 2597 domini
1020 2534 1170 2620 episcopi,
1187 2549 1220 2598 et
1235 2549 1348 2613 vestra,
1363 2547 1401 2599 ut
1422 2537 1447 2600 si
1470 2537 1513 2602 de

556 2636 813 2700 reconciliatione
836 2659 910 2700 mea
932 2649 1040 2713 actum
1063 2638 1170 2720 fuerit,
1191 2638 1311 2723 iniquae
1333 2650 1367 2701 et
1388 2640 1514 2724 pericu·

554 2740 631 2804 losae
647 2740 843 2804 conditiones
859 2754 1082 2804 amoveantur:
1107 2753 1140 2804 et
1154 2763 1214 2824 ego
1229 2743 1262 2803 in
1275 2741 1423 2805 omnibus
1438 2741 1513 2828 quae

499 2833 501 2838 ¹
556 2843 624 2909 sine
652 2844 794 2931 periculo
816 2843 925 2909 salutis
952 2858 986 2909 et
1011 2845 1105 2909 lamae
1128 2845 1198 2909 fieri
1227 2856 1367 2931 possunt,
1391 2845 1514 2910 domini

555 2949 705 3033 episcopi,
721 2960 754 3011 ct
770 2962 920 3023 vestrum,
935 2949 1023 3033 'quod
1047 2948 1087 3010 ab
1110 2970 1149 3010 eo
1164 2970 1228 3009 non
1251 2947 1419 3031 discrepat,
1434 2969 1512 3011 con.

554 3048 661 3112 silium
684 3072 817 3135 sequar:
849 3050 905 3113 sed
929 3072 988 3111 nec
1010 3048 1165 3133 proficisci
1189 3048 1303 3111 vellem
1327 3049 1367 3112 ad
1390 3048 1512 3111 curiam

553 3173 666 3235 pacem
692 3152 842 3226 facturus,
869 3151 929 3213 nisi
955 3151 1165 3236 aliquatenus
1186 3152 1381 3236 praecognita
1407 3152 1510 3214 forma

553 3254 630 3335 ejus,
669 3255 753 3315 Nam
766 3253 810 3314 rei
823 3252 985 3313 familiaris
997 3252 1153 3334 angustia,
1165 3253 1511 3335 etnegotiatiolittera·

553 3374 634 3427 rum,
647 3375 720 3437 quae
736 3354 813 3415 mihi
830 3353 976 3416 solatium
994 3353 1121 3436 pariter,
1134 3366 1167 3415 et
1181 3354 1356 3417 subsidium
1373 3356 1509 3439 praebet,

552 3474 611 3515 nec
626 3475 757 3535 magnos
772 3468 917 3537 sumptus
932 3454 1047 3527 facere,
1060 3453 1189 3515 nec'diu
1206 3455 1316 3517 abesse
1333 3456 1508 3539 patiuntur.

553 3554 702 3639 Facultas
716 3554 802 3617 cuim
825 3555 917 3617 solito
938 3553 1041 3637 magis
1056 3554 1161 3617 tenuis
1176 3567 1234 3632 est,
1249 3557 1303 3618 sed
1320 3578 1417 3617 onera
1439 3577 1506 3619 non

551 3657 748 3725 decrescunt.
796 3659 975 3722 Rarescuut
997 3668 1104 3720 autem
1127 3657 1254 3733 auxilia,
1271 3658 1331 3721 etsi
1352 3658 1392 3721 ab
1415 3658 1508 3723 initio

551 3762 708 3827 rarissima
722 3762 850 3828 fuerint.
897 3762 934 3825 ln
955 3760 1151 3847 profectione
1166 3784 1274 3825 versus
1291 3761 1504 3845 A'ndegavim‚

551 3880 584 3927 et
609 3864 815 3929 Paschalibus
837 3862 1002 3951 colloquiis
1024 3886 1147 3947 regum,
1163 3864 1317 3927 tredecim
1336 3862 1432 3926 libras
1451 3886 1507 3927 ex·

550 3968 659 4052 pendi,
684 3983 716 4032 et
745 3969 823 4032 duas
845 3967 936 4031 amisi
962 3966 1173 4053 equitaturus,
1196 3979 1233 4029 ut
1262 3967 1302 4027 de
1332 3964 1506 4046 laboribus,

548 4068 711 4145 molestiis,
724 4084 758 4134 et
772 4071 930 4134 curiarum
948 4070 1051 4133 taediis
1068 4080 1219 4147 taceatur,
1234 4068 1384 4153 quodque
1399 4068 1503 4151 magis

549 4170 648 4255 piget,
665 4184 780 4235 cuncta
796 4184 959 4236 cesserunt
974 4173 1007 4234 in
1024 4192 1157 4233 cassum.
1202 4172 1287 4233 Nam
1303 4170 1394 4233 labor
1412 4170 1507 4255 periit

547 4284 579 4338 'et
601 4272 756 4357 impensa,
773 4297 833 4337 nec
848 4272 964 4337 vellem
987 4272 1012 4335 si
1035 4271 1105 4335 fieri
1126 4284 1232 4355 posset
1254 4273 1500 4359 occupationum

549 4388 582 4442 et
604 4398 710 4441 rerum
733 4375 853 4439 humile
879 4375 986 4439 subire
1013 4374 1229 4459 dispendium.
1277 4379 1385 4441 Status
1411 4398 1503 4439 meus

548 4481 637 4547 vobis
652 4501 692 4545 ex
714 4492 803 4566 parte
824 4500 880 4564 per
896 4479 1050 4543 nuncium
1065 4478 1253 4545 innotescet.
1301 4482 1393 4546 Idem
1416 4481 1503 4544 enim
