3875 5725
577 877 637 938 140
831 887 966 934 roauurs
981 885 1260 932 sanasauaruusrs
1431 869 1476 949 [x.
1492 888 1523 933 n.

573 1039 737 1123 illustrari,
751 1040 808 1105 sed
821 1038 1034 1126 proculdubio
1049 1037 1151 1123 majus
1166 1051 1215 1101 est
1230 1037 1355 1101 eosdem
1368 1038 1525 1104 virtutum

573 1145 676 1211 titulis
697 1141 878 1231 promereri.
912 1140 1010 1205 Unde
1032 1139 1090 1225 qui
1113 1139 1243 1203 virtutis
1264 1152 1456 1227 assequutus
1477 1154 1525 1205 est

571 1247 732 1326 meritum,
747 1244 806 1308 etsi
822 1265 926 1307 rerum
949 1240 1115 1327 opulentia
1131 1240 1179 1304 vel
1195 1240 1298 1306 fastus
1320 1265 1381 1304 non
1398 1243 1527 1305 accedat

572 1344 711 1424 honoris,
726 1341 842 1407 collatu
857 1355 963 1406 tamen
979 1340 1065 1403 bono
1080 1338 1176 1404 debet
1191 1362 1257 1403 esse
1274 1354 1463 1406 contentus:
1488 1366 1527 1406 ne

574 1448 601 1512 si
616 1445 811 1533 impatientis
826 1442 1024 1506 conscientiae
1040 1440 1181 1518 stimulo,
1194 1443 1286 1528 quasi
1303 1441 1428 1529 injuria,
1440 1468 1526 1508 mur·

573 1551 760 1623 muraverit,
778 1545 858 1609 vicio
879 1541 1128 1628 ingratitudinis,
1146 1542 1206 1606 hoc
1223 1544 1292 1628 ipso
1308 1544 1393 1630 quod
1411 1546 1526 1611 habere

573 1649 659 1714 visus
682 1662 728 1713 est
752 1671 784 1713 se
802 1645 911 1710 fecisse
932 1644 1078 1707 videatur
1099 1643 1276 1728 indignum.
1323 1647 1367 1710 Et
1391 1648 1524 1724 utinam,

572 1749 599 1815 si
621 1750 801 1815 studiorum
825 1745 992 1832 praemium
1014 1767 1076 1809 non
1100 1748 1309 1830 assequimur,
1329 1747 1439 1811 saltem
1462 1772 1524 1813 non

571 1850 785 1917 destituamur
799 1861 830 1912 et
847 1847 967 1912 merito.
1015 1847 1088 1910 Non
1111 1861 1215 1910 tamen
1237 1847 1304 1912 haec
1320 1848 1439 1913 idcirco
1455 1873 1525 1936 pro-

572 1977 668 2041 pono,
693 1952 781 2040 quod
807 1974 826 2014 a
852 1949 934 2014 senis
957 1947 1057 2013 nostri
1080 1948 1259 2013 eruditione
1285 1951 1439 2028 recedam,
1464 1953 1526 2033 cui,

574 2055 713 2122 Domino
736 2052 882 2129 faciente,
911 2063 980 2115 tota
1001 2049 1165 2136 vigilantia
1190 2053 1303 2116 mentis
1329 2066 1360 2117 et
1386 2054 1526 2139 corporis

572 2154 857 2242 obtemperandum
874 2176 940 2217 esse
956 2151 1103 2217 decrevi:
1128 2153 1216 2238 quod
1232 2154 1525 2239 pusillanimitatem

572 2257 704 2344 spiritus
730 2254 891 2331 veremini,
918 2266 950 2317 et
982 2254 1127 2316 timorem
1155 2254 1275 2319 timetis
1298 2256 1525 2342 suspicionum,

572 2357 747 2444 prudenter
764 2355 894 2438 quidem
909 2355 1014 2418 facitis
1035 2369 1066 2419 et
1086 2354 1193 2420 amice.
1243 2358 1314 2421 Non
1330 2361 1412 2423 enim
1431 2361 1525 2423 Pom-

571 2456 654 2544 peio,
681 2469 738 2520 aut
764 2478 802 2519 eo
829 2454 885 2541 qui
911 2454 1018 2541 ipsum
1044 2453 1131 2533 vicit,
1157 2459 1270 2542 major,
1295 2472 1352 2523 aut
1376 2462 1527 2545 Augusto

572 2557 772 2645 prudentior,
803 2557 956 2622 Cicerone
994 2569 1049 2621 aut
1089 2558 1229 2622 Curione
1265 2559 1413 2626 disertior
1442 2585 1524 2639 sum,

572 2660 691 2747 quibus
706 2671 863 2745 quantum
887 2657 1072 2744 suspicionis
1087 2681 1166 2723 aura
1185 2662 1340 2739 nocuerit,
1357 2686 1413 2727 vos
1428 2664 1525 2728 histo-

570 2764 691 2831 riarum
714 2763 810 2828 series
833 2761 908 2826 trita
934 2760 1111 2846 perdocuit.
1164 2763 1271 2828 Taceo
1296 2765 1383 2850 quod
1410 2768 1525 2831 totiens

571 2867 723 2932 victorem
757 2865 972 2931 Machabeum
1002 2879 1076 2929 aute
1105 2866 1236 2953 fregerit
1270 2868 1524 2955 pusillanimitas,

574 2993 672 3054 quam
688 2971 832 3055 gentium
850 2968 1018 3033 fortitudo.
1045 2969 1140 3034 Unde
1152 2984 1286 3048 constat,
1299 2972 1385 3057 quod
1397 2972 1524 3035 illorum

570 3074 727 3159 impetum
743 3096 762 3135 a
777 3095 826 3134 me
847 3072 1003 3134 sustinere
1025 3094 1087 3135 uon
1111 3085 1236 3157 potero,
1253 3074 1378 3137 nisime
1397 3074 1524 3137 interim

571 3175 689 3250 foveat,
699 3174 755 3259 qui
768 3171 908 3258 protegit
922 3171 1078 3235 hominem
1093 3195 1111 3234 a
1125 3173 1386 3257 pusillanimitate
1396 3176 1525 3262 spiritus

570 3288 601 3339 et
625 3285 829 3359 tempestate:
861 3271 893 3333 in
918 3271 1005 3336 illius
1030 3287 1139 3337 autem
1163 3275 1282 3339 virtute
1307 3299 1369 3340 non
1393 3278 1523 3352 timeb0,

571 3375 650 3459 quid
673 3374 814 3438 exterius
836 3372 959 3457 ingerat
982 3372 1089 3450 homo,
1111 3384 1169 3437 aut
1190 3376 1323 3441 interius
1345 3391 1523 3440 murmuret

570 3499 653 3540 caro.
714 3477 874 3539 Caeterum
905 3496 1009 3559 equus
1045 3475 1222 3560 quamlibet
1253 3477 1344 3541 velox
1382 3491 1522 3541 cessante

571 3574 701 3643 stimulo
716 3575 752 3639 fit
768 3573 900 3650 tardior,
916 3587 948 3637 et
965 3586 1001 3638 ut
1018 3575 1062 3640 ait
1077 3576 1222 3662 quidam,

710 3768 816 3779 --
828 3744 992 3810 conumpunt
1003 3740 1058 3793 ocia
1069 3747 1193 3807 mentem,

711 3825 748 3877 Et
759 3824 863 3897 capiunt
875 3824 967 3876 vitium
978 3826 1006 3877 ni
1017 3833 1169 3881 moveantur
1180 3846 1269 3897 aquae:

568 3964 614 4028 sic
639 3975 671 4027 et
696 3944 784 4025 meus
813 3984 893 4038 mea,
918 3985 994 4049 quae
1020 3963 1067 4029 sui
1092 3964 1185 4042 vicio,
1213 3989 1253 4030 ne
1276 3966 1377 4030 dicam
1397 3980 1523 4046 natura,

566 4063 666 4126 -hebes
695 4080 754 4139 est,
781 4062 921 4126 innatam
952 4065 1111 4149 ignaviam
1143 4089 1205 4130 non
1232 4067 1381 4154 deponet,
1410 4068 1435 4132 si
1459 4092 1523 4132 non

569 4163 710 4227 crebrius
724 4163 982 4228 exhortationum
1005 4165 1124 4230 aculeis
1144 4169 1312 4235 excitetur.
1358 4171 1431 4236 Erit
1447 4194 1523 4255 ergo

568 4262 735 4330 industriae
746 4261 961 4347 etdiligentiae
972 4280 1085 4331 vestrae
1095 4268 1522 4355 frequentiussomnolentiae

568 4389 647 4431 meae
662 4378 819 4450 torporem
843 4349 1003 4447 excutere,
1018 4381 1055 4432 ut
1079 4391 1174 4454 quem
1199 4373 1239 4436 ad
1260 4374 1340 4438 bene
1362 4375 1520 4461 agendum

569 4490 631 4533 non
655 4465 795 4553 propria,
824 4464 935 4530 saltem
960 4468 1064 4536 virtus
1090 4474 1243 4540 accendat
1273 4477 1395 4541 aliena:
1427 4476 1458 4539 iu
1485 4499 1522 4539 eo
