3875 5725
506 870 701 950 llas-64]
880 887 1056 935 seurota.
1391 874 1452 936 147

493 1020 584 1105 nobis
601 1063 660 1126 pro
675 1039 849 1105 reverentia
865 1051 982 1103 nostra.
1030 1038 1063 1102 Si
1078 1051 1185 1102 autem
1204 1037 1245 1101 ed
1261 1050 1448 1106 extraneum

492 1141 543 1206 vel
561 1141 764 1228 peregrinum
781 1152 914 1225 urgente
929 1139 1113 1204 necessitate
1130 1139 1344 1226 confugimus,
1358 1142 1449 1207 time»

490 1267 572 1320 mus,
590 1267 630 1307 ne
645 1267 703 1329 pro
718 1242 803 1330 pisce
818 1252 1007 1328 serpentem,
1023 1254 1080 1307 aut
1096 1264 1136 1306 ne
1159 1266 1216 1329 pro
1232 1266 1291 1306 ovo
1305 1243 1447 1329 porrigat

493 1345 700 1433 scorpionem.
745 1348 906 1410 Praeterea
925 1367 1000 1408 oves
1016 1358 1129 1410 vestrae
1149 1357 1283 1409 autnon
1298 1345 1446 1422 andiunt,

492 1462 549 1513 aut
572 1450 678 1512 minus
699 1447 835 1513 audiunt
859 1469 967 1511 vocem
989 1447 1174 1512 alienorum·
1212 1448 1299 1526 Quid
1322 1449 1446 1514 multa?

486 1551 646 1636 jacturam
669 1550 813 1628 Domini,
828 1573 901 1637 quae
923 1549 1068 1636 quotidie
1084 1550 1121 1614 lit
1142 1550 1173 1613 in
1190 1551 1285 1613 rebus
1305 1565 1337 1616 et
1353 1553 1447 1616 mori-

492 1658 565 1728 bus,
577 1675 639 1716 non
656 1649 816 1715 sufficiunt
828 1673 986 1716 enarrare.
1016 1650 1137 1714 Audite
1148 1674 1233 1734 ergo,
1246 1652 1449 1719 dilectissime

491 1754 590 1819 frater
605 1754 637 1816 in
654 1752 808 1827 Domino,
822 1753 986 1838 planctum
1002 1752 1220 1827 esurientium,
1233 1754 1343 1818 audite
1358 1779 1449 1821 voces

492 1855 689 1942 vagientium
712 1854 932 1941 parvulorum,
955 1853 1065 1917 audite
1091 1876 1198 1918 vocem
1227 1879 1351 1941 sponsos
1373 1881 1447 1945 quae

490 1981 597 2022 amore
611 1962 754 2043 languet,
768 1968 799 2021 et
816 1970 922 2021 vestro
936 1956 1094 2021 desiderio
1108 1957 1286 2025 intabescit.
1324 1961 1448 2028 Audite

491 2061 631 2147 denique
648 2082 754 2123 vocem
770 2058 888 2144 sponsi,
903 2057 961 2144 qui
981 2081 1038 2122 vos
1053 2059 1217 2124 constituit
1243 2084 1339 2146 super
1354 2063 1447 2128 fami·

493 2161 568 2226 liam
595 2184 696 2240 suam,
722 2172 759 2225 ut
784 2159 813 2222 ei
840 2159 946 2223 cibum
974 2159 1056 2225 detis
1078 2160 1111 2224 in
1135 2173 1288 2249 ternpore.
1332 2165 1448 2231 Redite

492 2264 603 2350 itaque
625 2263 666 2326 ad
686 2260 849 2326 ecclesiam
872 2275 1021 2337 vestram,
1037 2273 1069 2324 et
1092 2273 1191 2326 totam
1207 2262 1342 2328 insulam
1365 2269 1449 2353 sapi·

494 2364 590 2429 entiae
618 2377 650 2428 et
676 2360 805 2426 virtutis
831 2373 945 2426 vestrae
972 2360 1071 2424 radiis
1095 2359 1264 2427 illustrate.
1302 2369 1371 2430 Nec
1393 2389 1449 2431 vos

493 2478 639 2532 moveant
655 2464 771 2528 damna
785 2486 904 2539 rerum,
919 2485 1017 2548 quem
1038 2461 1209 2547 respiciunt
1225 2466 1367 2551 pericula
1380 2469 1449 2533 ani·

494 2589 629 2631 marum.
673 2563 891 2630 Proculdubio
907 2563 1007 2627 satius
1021 2576 1068 2626 est
1084 2577 1115 2626 et
1131 2565 1268 2650 aequius,
1284 2581 1321 2632 ut
1337 2569 1449 2635 sollici-

495 2666 617 2732 tudinis
643 2678 757 2730 vestroe
780 2664 977 2748 vigilantiam
1004 2664 1176 2728 commissis
1200 2667 1289 2732 vobis
1311 2670 1448 2737 ecclesiis

493 2766 696 2854 impendatis,
709 2787 803 2851 quam
820 2764 940 2828 alienis.
981 2765 1140 2829 Dominus
1152 2788 1210 2832 rex
1225 2768 1265 2832 de
1280 2772 1449 2837 securitate

495 2883 601 2936 vestra
619 2891 676 2934 nos
695 2866 771 2932 lecit
794 2889 929 2947 securos,
947 2881 980 2932 et
1002 2866 1141 2948 duobus,
1160 2890 1240 2953 quos
1261 2873 1448 2939 nominatim

495 2971 648 3045 excludit,
672 2969 824 3055 exceptis,
849 2990 929 3055 quos
955 2967 1131 3046 volueritis,
1153 2970 1194 3033 ad
1219 2972 1356 3056 gratiam
1378 2976 1449 3061 ejus

494 3074 638 3162 poteritis
653 3071 863 3138 introducere.
902 3073 971 3135 Nos
986 3082 1094 3134 autem
1115 3072 1233 3138 reditui
1250 3088 1356 3140 vestro
1375 3101 1449 3144 con·

493 3176 740 3265 gratulabimur,
755 3185 788 3238 et
810 3173 968 3260 quicquid
990 3174 1102 3239 auxilii
1124 3174 1175 3239 vel
1190 3178 1310 3243 consilii
1332 3181 1448 3267 poteri—

495 3302 579 3361 muS,
593 3277 705 3344 libenti
721 3276 825 3340 animo
840 3275 1047 3340 conferemus.
1080 3277 1166 3343 Vale.

530 3599 769 3664 EPISTOLA
793 3595 1009 3666 XCIX-so
1025 3621 1178 3670 ananau.
1206 3609 1288 3682 [an
1308 3613 1415 3685 1157]

845 3711 852 3724 ·
867 3765 958 3829 Idem
973 3767 1083 3831 cidem

538 3888 662 3950 Autem
684 3881 813 3958 nostris,
837 3899 972 3968 urgente
995 3884 1177 3949 tentationis
1199 3886 1345 3969 articulo,
1365 3888 1451 3955 illam

499 3984 623 4049 consilii
639 3988 722 4049 viam
739 3982 933 4048 credidimus
947 3985 1187 4064 ostendendam,
1198 3989 1454 4074 quaehonestatis

498 4086 613 4171 specie,
628 4100 684 4151 aut
705 4085 856 4152 utilitatis
875 4087 997 4166 fructu,
1018 4087 1146 4153 videtur
1169 4113 1235 4176 prae
1257 4093 1381 4159 caeteris
1397 4095 1453 4160 eli-

421 4204 423 4207 ⁴
498 4183 614 4270 genda·
656 4190 702 4252 Et
724 4186 797 4253 licet
821 4186 1013 4272 ambigentis
1035 4189 1160 4255 animus
1174 4204 1258 4257 recte
1273 4193 1452 4261 consulenti

497 4285 717 4371 obtemperare
738 4288 902 4365 detrectet,
929 4290 1071 4357 caritatis
1093 4305 1198 4358 tamen
1221 4294 1372 4360 instantia
1390 4319 1453 4361 nou

500 4384 644 4473 quiescit,
654 4384 754 4452 donec
765 4389 973 4457 reluctantem
986 4393 1121 4460 amicum
1132 4395 1171 4458 ad
1186 4395 1269 4460 bona
1279 4396 1454 4481 pertrabat,

501 4487 551 4552 vel
567 4487 719 4551 invitum.
767 4489 818 4552 Sic
830 4512 898 4569 nos,
913 4493 1085 4557 reverende
1099 4506 1129 4557 et
1140 4495 1353 4560 amantissime
1363 4496 1461 4561 frater

959 4600 1014 4657 122
