3875 5725
427 869 622 948 tlon—66]
808 886 985 931 uprsroma.
1310 872 1373 930 217

425 1036 525 1102 fertus
550 1050 582 1102 et
607 1036 722 1102 litteris
753 1037 970 1122 Hieronymus
999 1036 1030 1099 in
1060 1034 1202 1120 praefatis
1231 1034 1374 1118 apicibus

425 1139 539 1224 tangit,
565 1139 653 1224 apud
678 1138 841 1204 Valerium
868 1137 1048 1202 Maximum
1075 1136 1233 1222 reperitur
1258 1135 1290 1199 in
1317 1134 1372 1200 lib.

426 1245 456 1302 3.
483 1261 552 1324 cap.
580 1245 606 1304 l.
635 1238 748 1303 Titulo
774 1238 814 1302 de
841 1237 1065 1302 moderatione.
1119 1236 1248 1301 Accidit
1278 1235 1373 1313 enim,

425 1351 460 1403 ut
490 1337 598 1417 refert,
621 1338 710 1424 quod
741 1362 760 1402 a
789 1337 998 1424 piscatoribus
1027 1337 1060 1400 in
1090 1336 1218 1401 Milesia
1247 1337 1375 1420 regione

424 1439 634 1504 everriculum
673 1441 885 1515 trahentibus,
920 1439 1051 1524 quidam
1084 1439 1208 1524 jactum
1246 1449 1376 1502 emerat.

426 1543 582 1606 Extracta
612 1541 740 1604 demum
771 1541 877 1624 magni
914 1541 1064 1625 ponderis
1092 1563 1188 1603 aurea
1219 1539 1376 1624 Delphica

425 1665 543 1717 mensa,
581 1654 652 1706 orta
691 1640 903 1705 controversia
939 1655 999 1719 est,
1035 1641 1097 1704 illis
1138 1665 1171 1704 se
1212 1655 1375 1725 capturam

426 1743 562 1828 piscium
577 1743 757 1812 uendidisse
772 1741 1012 1822 affirmantibus,
1022 1743 1083 1805 hoc
1097 1766 1115 1804 e
1129 1755 1239 1805 contra
1253 1741 1378 1808 dicente

428 1867 460 1907 se
481 1846 593 1908 emisse
618 1845 778 1908 duntaxat
803 1843 962 1907 fortunam
980 1845 1098 1929 jactus.
1144 1843 1270 1908 Audita
1291 1867 1378 1930 quae-

429 1945 529 2010 stione
544 1946 685 2033 populus
707 1946 854 2024 civitatis,
871 1958 1001 2032 propter
1020 1947 1194 2019 novitatem
1210 1959 1241 2010 et
1257 1946 1377 2032 magni-

428 2047 571 2113 tudinem
602 2048 658 2127 rei,
687 2071 814 2112 causam
851 2048 893 2111 ad
930 2049 1193 2113 consultationem
1227 2050 1378 2136 Delphici

430 2151 592 2238 Apollinis
617 2151 740 2215 censuit
764 2150 973 2216 referendam.
1024 2151 1200 2215 Consultus
1227 2175 1302 2217 vero
1332 2177 1379 2217 re·

429 2254 556 2339 spondit
583 2255 612 2318 ei
637 2254 775 2318 dandam
802 2277 881 2331 esse,
907 2254 963 2339 qui
987 2277 1096 2318 omnes
1119 2254 1198 2318 alios
1224 2255 1379 2341 sapientia

427 2354 637 2430 antecederet,
662 2355 803 2441 alioquin
830 2354 997 2441 accipienti
1024 2355 1232 2440 injucundam
1256 2359 1323 2421 fore
1346 2370 1379 2422 ct

429 2457 565 2522 noxiam.
613 2459 729 2543 Itaque
751 2457 825 2543 quia
847 2457 966 2520 Thales
988 2457 1134 2522 Milesius
1151 2458 1276 2544 judicio
1290 2459 1380 2525 andi-

430 2573 547 2640 torum,
561 2560 644 2624 inter
667 2573 799 2644 septem,
819 2582 900 2644 quos
921 2573 998 2624 tunc
1020 2582 1087 2643 prae
1109 2562 1231 2625 caeteris
1254 2562 1381 2626 Graecia

369 2718 377 2733 .
429 2660 621 2737 celebrabat,
638 2660 888 2746 sapientissimus
904 2661 1092 2736 habebatur,
1109 2661 1380 2729 denunciaverunt

431 2763 472 2841 ei,
499 2777 535 2828 ut
561 2765 628 2848 jam
660 2763 754 2826 dictae
785 2785 900 2825 mensae
928 2763 1156 2848 pussessionem
1185 2764 1300 2841 adiret,
1324 2766 1382 2851 qui

430 2864 542 2928 audita
570 2860 810 2926 consultationis
839 2862 942 2925 forma
968 2874 1000 2926 et
1030 2885 1178 2946 responso
1208 2865 1381 2948 Apollinis,

430 2964 582 3053 prudenti
608 2963 799 3039 humilitate,
824 2987 887 3028 non
914 2987 957 3043 se,
981 2964 1035 3027 scd
1064 2965 1154 3028 Biam
1177 2968 1381 3051 Pyrenaeum,

431 3069 513 3133 dixit
538 3066 699 3153 Apollinis
719 3066 848 3129 oraculo
873 3066 1087 3151 designatum.
1132 3067 1255 3131 Aditus
1280 3081 1381 3134 estet
1481 3102 1489 3112 -

430 3169 489 3235 iste
504 3171 604 3255 priori
614 3167 768 3243 similiter,
781 3182 812 3232 et
828 3168 859 3231 in
872 3169 1009 3232 eundem
1022 3169 1150 3233 modum
1168 3171 1381 3235 conditionem

430 3272 461 3335 in
482 3271 705 3356 Mitylenaeum
733 3270 892 3334 Pittacum
921 3270 1098 3348 transtulit,
1122 3272 1249 3336 interim
1274 3296 1383 3338 mensa

427 3373 553 3458 jacente
578 3373 610 3435 in
637 3370 758 3449 sabulo,
783 3385 814 3435 et
841 3384 972 3457 propter
997 3371 1168 3436 novitatem
1195 3386 1328 3439 eventus
1350 3388 1383 3440 et

430 3474 678 3544 moderationem
701 3474 892 3559 sapientum,
915 3487 946 3538 ct
971 3477 1047 3559 quia
1069 3474 1176 3539 nullus
1198 3476 1239 3540 de
1261 3477 1383 3564 populo

430 3576 646 3662 praesumebat
664 3576 814 3640 invadere
829 3599 953 3653 aurum,
976 3577 1062 3661 qnod
1086 3600 1105 3640 a
1121 3601 1153 3641 se
1169 3591 1258 3643 tanto
1274 3580 1383 3643 studio

430 3678 653 3765 sapientissimi
680 3702 711 3741 se
735 3680 949 3755 removebant,
975 3701 1082 3743 casum
1111 3680 1197 3744 hunc
1227 3704 1290 3744 non
1316 3696 1380 3746 tam

429 3781 604 3845 mirabilem
643 3803 739 3864 quam
778 3780 983 3865 stupendum,
1020 3780 1132 3844 talium
1169 3786 1383 3867 praeconatrix

431 3884 517 3948 fama
542 3884 634 3967 longe
661 3885 790 3967 lateque
818 3882 973 3966 vulgavit.
1019 3882 1133 3945 Mensa
1154 3882 1263 3967 itaque
1287 3885 1385 3948 lamo·

433 3985 554 4048 sissima
568 3985 654 4048 facta
669 3997 728 4061 est,
744 3983 821 4047 dum
838 3982 878 4045 ad
903 3982 1043 4067 singulos
1061 3984 1246 4069 Sapientum
1263 3998 1384 4072 septem

433 4085 477 4147 sic
503 4085 602 4170 ipsius
624 4085 817 4172 procedebat
843 4084 973 4159 oblatio,
997 4084 1096 4147 donec
1119 4100 1248 4149 ventum
1272 4090 1382 4153 estad

435 4185 592 4263 Solonem,
618 4189 674 4272 qui
700 4199 732 4251 ct
756 4188 889 4252 titulum
919 4186 1125 4273 amplissimae
1154 4187 1327 4271 sapientia,
1351 4206 1383 4257 et

434 4309 552 4351 munus
570 4288 712 4353 oblatum
739 4290 873 4355 contulit
899 4291 931 4353 in
957 4288 1153 4376 Apollinem,
1178 4289 1209 4352 in
1239 4315 1305 4376 quo
1329 4295 1383 4357 Sol

433 4387 559 4464 colitur,
590 4390 666 4473 quia
692 4393 796 4454 omnia
826 4391 1072 4477 contemplatur,
1098 4406 1129 4455 et
1159 4391 1250 4477 cujus
1280 4392 1384 4457 virtus

432 4492 525 4573 ignea
552 4490 594 4553 sic
621 4506 764 4573 penetrat
790 4496 946 4570 universa,
974 4511 1009 4558 ut
1033 4493 1061 4557 ei
1087 4493 1165 4557 nihil
1194 4493 1291 4578 possit
1317 4518 1384 4559 esse
