<?xml version="1.0" encoding="UTF-8"?>
<!DOCTYPE html PUBLIC "-//W3C//DTD XHTML 1.0 Transitional//EN"
    "http://www.w3.org/TR/xhtml1/DTD/xhtml1-transitional.dtd">
<html xmlns="http://www.w3.org/1999/xhtml" xml:lang="en" lang="en">
 <head>
  <title>
</title>
<meta http-equiv="Content-Type" content="text/html;charset=utf-8" />
  <meta name='ocr-system' content='tesseract 3.04.00' />
  <meta name='ocr-capabilities' content='ocr_page ocr_carea ocr_par ocr_line ocrx_word'/>
</head>
<body>
  <div class='ocr_page' id='page_1' title='image "./joannissaresber01johngoog_0147.png"; bbox 0 0 3875 5725; ppageno 0'>
   <div class='ocr_carea' id='block_1_1' title="bbox 499 840 1455 921">
    <p class='ocr_par' dir='ltr' id='par_1_1' title="bbox 499 840 1455 921">
     <span class='ocr_line' id='line_1_1' title="bbox 499 840 1455 921; baseline -0.001 -16"><span class='ocrx_word' id='word_1_1' title='bbox 499 840 695 921; x_wconf 57' lang='lat' dir='ltr'><strong>lisa-64]</strong></span> <span class='ocrx_word' id='word_1_2' title='bbox 905 859 1084 905; x_wconf 74' lang='lat' dir='ltr'><strong>urrsrona.</strong></span> <span class='ocrx_word' id='word_1_3' title='bbox 1395 841 1455 904; x_wconf 72' lang='lat'><strong>129</strong></span> 
     </span>
    </p>
   </div>
   <div class='ocr_carea' id='block_1_2' title="bbox 486 1009 1451 4631">
    <p class='ocr_par' dir='ltr' id='par_1_2' title="bbox 486 1009 1451 4631">
     <span class='ocr_line' id='line_1_2' title="bbox 493 1009 1447 1095; baseline -0.002 -19"><span class='ocrx_word' id='word_1_4' title='bbox 493 1013 526 1076; x_wconf 89' lang='lat' dir='ltr'><strong>in</strong></span> <span class='ocrx_word' id='word_1_5' title='bbox 549 1011 819 1076; x_wconf 83' lang='lat' dir='ltr'><strong>consummatione</strong></span> <span class='ocrx_word' id='word_1_6' title='bbox 842 1009 1034 1077; x_wconf 79' lang='lat' dir='ltr'><strong>matrimonii</strong></span> <span class='ocrx_word' id='word_1_7' title='bbox 1057 1032 1118 1074; x_wconf 91' lang='lat' dir='ltr'><strong>uon</strong></span> <span class='ocrx_word' id='word_1_8' title='bbox 1141 1012 1291 1094; x_wconf 84' lang='lat' dir='ltr'><strong>agnovit:</strong></span> <span class='ocrx_word' id='word_1_9' title='bbox 1323 1022 1447 1095; x_wconf 89' lang='lat' dir='ltr'><strong>patrem</strong></span> 
     </span>
     <span class='ocr_line' id='line_1_3' title="bbox 493 1111 1450 1200; baseline 0 -22"><span class='ocrx_word' id='word_1_10' title='bbox 493 1135 635 1200; x_wconf 92' lang='lat' dir='ltr'><strong>quoque,</strong></span> <span class='ocrx_word' id='word_1_11' title='bbox 662 1111 740 1178; x_wconf 91' lang='lat' dir='ltr'><strong>dum</strong></span> <span class='ocrx_word' id='word_1_12' title='bbox 766 1125 875 1196; x_wconf 84' lang='lat' dir='ltr'><strong>ageret</strong></span> <span class='ocrx_word' id='word_1_13' title='bbox 901 1112 933 1177; x_wconf 92' lang='lat' dir='ltr'><strong>in</strong></span> <span class='ocrx_word' id='word_1_14' title='bbox 956 1115 1120 1188; x_wconf 86' lang='lat' dir='ltr'><strong>extremis,</strong></span> <span class='ocrx_word' id='word_1_15' title='bbox 1144 1111 1226 1178; x_wconf 89' lang='lat' dir='ltr'><strong>sicut</strong></span> <span class='ocrx_word' id='word_1_16' title='bbox 1252 1111 1450 1178; x_wconf 87' lang='lat' dir='ltr'><strong>Gillebertus</strong></span> 
     </span>
     <span class='ocr_line' id='line_1_4' title="bbox 493 1211 1451 1298; baseline 0.003 -23"><span class='ocrx_word' id='word_1_17' title='bbox 493 1212 681 1279; x_wconf 88' lang='lat' dir='ltr'><strong>venerabilis</strong></span> <span class='ocrx_word' id='word_1_18' title='bbox 695 1213 794 1277; x_wconf 87' lang='lat' dir='ltr'><strong>abbas</strong></span> <span class='ocrx_word' id='word_1_19' title='bbox 810 1211 1012 1279; x_wconf 84' lang='lat' dir='ltr'><strong>Colecestriae</strong></span> <span class='ocrx_word' id='word_1_20' title='bbox 1027 1212 1142 1278; x_wconf 89' lang='lat' dir='ltr'><strong>litteris</strong></span> <span class='ocrx_word' id='word_1_21' title='bbox 1156 1213 1233 1288; x_wconf 89' lang='lat' dir='ltr'><strong>suis,</strong></span> <span class='ocrx_word' id='word_1_22' title='bbox 1246 1236 1307 1276; x_wconf 91' lang='lat' dir='ltr'><strong>non</strong></span> <span class='ocrx_word' id='word_1_23' title='bbox 1319 1214 1451 1298; x_wconf 84' lang='lat' dir='ltr'><strong>signatis</strong></span> 
     </span>
     <span class='ocr_line' id='line_1_5' title="bbox 494 1312 1450 1399; baseline -0.002 -19"><span class='ocrx_word' id='word_1_24' title='bbox 494 1327 612 1395; x_wconf 88' lang='lat' dir='ltr'><strong>tamen,</strong></span> <span class='ocrx_word' id='word_1_25' title='bbox 626 1315 682 1380; x_wconf 86' lang='lat' dir='ltr'><strong>sed</strong></span> <span class='ocrx_word' id='word_1_26' title='bbox 699 1313 834 1379; x_wconf 88' lang='lat' dir='ltr'><strong>testibus</strong></span> <span class='ocrx_word' id='word_1_27' title='bbox 853 1313 997 1393; x_wconf 87' lang='lat' dir='ltr'><strong>munitis,</strong></span> <span class='ocrx_word' id='word_1_28' title='bbox 1012 1327 1043 1378; x_wconf 92' lang='lat' dir='ltr'><strong>et</strong></span> <span class='ocrx_word' id='word_1_29' title='bbox 1059 1313 1112 1376; x_wconf 90' lang='lat' dir='ltr'><strong>alii</strong></span> <span class='ocrx_word' id='word_1_30' title='bbox 1129 1313 1268 1399; x_wconf 84' lang='lat' dir='ltr'><strong>religiosi</strong></span> <span class='ocrx_word' id='word_1_31' title='bbox 1286 1312 1340 1399; x_wconf 90' lang='lat' dir='ltr'><strong>qui</strong></span> <span class='ocrx_word' id='word_1_32' title='bbox 1356 1312 1450 1378; x_wconf 83' lang='lat' dir='ltr'><strong>adiu·</strong></span> 
     </span>
     <span class='ocr_line' id='line_1_6' title="bbox 493 1414 1448 1501; baseline -0.002 -20"><span class='ocrx_word' id='word_1_33' title='bbox 493 1431 593 1498; x_wconf 90' lang='lat' dir='ltr'><strong>erant,</strong></span> <span class='ocrx_word' id='word_1_34' title='bbox 609 1414 820 1494; x_wconf 72' lang='lat' dir='ltr'><strong>testabantur,</strong></span> <span class='ocrx_word' id='word_1_35' title='bbox 834 1415 938 1501; x_wconf 87' lang='lat' dir='ltr'><strong>palam</strong></span> <span class='ocrx_word' id='word_1_36' title='bbox 959 1415 1145 1501; x_wconf 88' lang='lat' dir='ltr'><strong>poenituisse</strong></span> <span class='ocrx_word' id='word_1_37' title='bbox 1165 1415 1345 1492; x_wconf 82' lang='lat' dir='ltr'><strong>dicebatur,</strong></span> <span class='ocrx_word' id='word_1_38' title='bbox 1361 1415 1448 1500; x_wconf 91' lang='lat' dir='ltr'><strong>quod</strong></span> 
     </span>
     <span class='ocr_line' id='line_1_7' title="bbox 491 1515 1449 1604; baseline -0.003 -20"><span class='ocrx_word' id='word_1_39' title='bbox 491 1520 718 1585; x_wconf 77' lang='lat' dir='ltr'><strong>fraudulentias</strong></span> <span class='ocrx_word' id='word_1_40' title='bbox 733 1517 883 1604; x_wconf 88' lang='lat' dir='ltr'><strong>jamdicti</strong></span> <span class='ocrx_word' id='word_1_41' title='bbox 897 1515 1112 1582; x_wconf 85' lang='lat' dir='ltr'><strong>archidiaconi</strong></span> <span class='ocrx_word' id='word_1_42' title='bbox 1126 1517 1157 1581; x_wconf 90' lang='lat' dir='ltr'><strong>in</strong></span> <span class='ocrx_word' id='word_1_43' title='bbox 1174 1517 1328 1604; x_wconf 87' lang='lat' dir='ltr'><strong>ejicienda</strong></span> <span class='ocrx_word' id='word_1_44' title='bbox 1349 1541 1449 1581; x_wconf 84' lang='lat' dir='ltr'><strong>uxore</strong></span> 
     </span>
     <span class='ocr_line' id='line_1_8' title="bbox 493 1618 1446 1708; baseline -0.001 -24"><span class='ocrx_word' id='word_1_45' title='bbox 493 1622 710 1708; x_wconf 81' lang='lat' dir='ltr'><strong>adquievcrat.</strong></span> <span class='ocrx_word' id='word_1_46' title='bbox 765 1618 829 1684; x_wconf 84' lang='lat' dir='ltr'><strong>Sed</strong></span> <span class='ocrx_word' id='word_1_47' title='bbox 859 1618 1017 1704; x_wconf 89' lang='lat' dir='ltr'><strong>quicquid</strong></span> <span class='ocrx_word' id='word_1_48' title='bbox 1046 1620 1130 1682; x_wconf 89' lang='lat' dir='ltr'><strong>iuter</strong></span> <span class='ocrx_word' id='word_1_49' title='bbox 1165 1632 1312 1704; x_wconf 89' lang='lat' dir='ltr'><strong>parentes</strong></span> <span class='ocrx_word' id='word_1_50' title='bbox 1339 1631 1446 1683; x_wconf 90' lang='lat' dir='ltr'><strong>actum</strong></span> 
     </span>
     <span class='ocr_line' id='line_1_9' title="bbox 492 1718 1447 1797; baseline -0.001 -13"><span class='ocrx_word' id='word_1_51' title='bbox 492 1721 603 1797; x_wconf 81' lang='lat' dir='ltr'><strong>fuerit,</strong></span> <span class='ocrx_word' id='word_1_52' title='bbox 626 1721 686 1785; x_wconf 86' lang='lat' dir='ltr'><strong>sibi</strong></span> <span class='ocrx_word' id='word_1_53' title='bbox 712 1733 770 1784; x_wconf 89' lang='lat' dir='ltr'><strong>aut</strong></span> <span class='ocrx_word' id='word_1_54' title='bbox 791 1718 899 1783; x_wconf 87' lang='lat' dir='ltr'><strong>liberis</strong></span> <span class='ocrx_word' id='word_1_55' title='bbox 920 1739 984 1781; x_wconf 93' lang='lat' dir='ltr'><strong>nou</strong></span> <span class='ocrx_word' id='word_1_56' title='bbox 1008 1719 1124 1782; x_wconf 89' lang='lat' dir='ltr'><strong>debere</strong></span> <span class='ocrx_word' id='word_1_57' title='bbox 1145 1718 1254 1782; x_wconf 90' lang='lat' dir='ltr'><strong>obesse</strong></span> <span class='ocrx_word' id='word_1_58' title='bbox 1276 1719 1447 1795; x_wconf 85' lang='lat' dir='ltr'><strong>asserebat,</strong></span> 
     </span>
     <span class='ocr_line' id='line_1_10' title="bbox 494 1821 1449 1912; baseline -0.002 -23"><span class='ocrx_word' id='word_1_59' title='bbox 494 1850 532 1889; x_wconf 92' lang='lat' dir='ltr'><strong>eo</strong></span> <span class='ocrx_word' id='word_1_60' title='bbox 562 1825 650 1912; x_wconf 91' lang='lat' dir='ltr'><strong>quod</strong></span> <span class='ocrx_word' id='word_1_61' title='bbox 676 1822 917 1888; x_wconf 88' lang='lat' dir='ltr'><strong>archidiaconus</strong></span> <span class='ocrx_word' id='word_1_62' title='bbox 945 1835 1003 1885; x_wconf 91' lang='lat' dir='ltr'><strong>aut</strong></span> <span class='ocrx_word' id='word_1_63' title='bbox 1026 1821 1193 1907; x_wconf 90' lang='lat' dir='ltr'><strong>episcopus</strong></span> <span class='ocrx_word' id='word_1_64' title='bbox 1220 1822 1449 1887; x_wconf 85' lang='lat' dir='ltr'><strong>Wintoniensis</strong></span> 
     </span>
     <span class='ocr_line' id='line_1_11' title="bbox 495 1923 1450 2009; baseline -0.003 -19"><span class='ocrx_word' id='word_1_65' title='bbox 495 1925 575 1992; x_wconf 88' lang='lat' dir='ltr'><strong>nibil</strong></span> <span class='ocrx_word' id='word_1_66' title='bbox 600 1938 710 1992; x_wconf 90' lang='lat' dir='ltr'><strong>contra</strong></span> <span class='ocrx_word' id='word_1_67' title='bbox 732 1924 846 1989; x_wconf 87' lang='lat' dir='ltr'><strong>liberos</strong></span> <span class='ocrx_word' id='word_1_68' title='bbox 871 1923 1142 2008; x_wconf 82' lang='lat' dir='ltr'><strong>pronuntiassent,</strong></span> <span class='ocrx_word' id='word_1_69' title='bbox 1163 1923 1218 1988; x_wconf 89' lang='lat' dir='ltr'><strong>sed</strong></span> <span class='ocrx_word' id='word_1_70' title='bbox 1243 1923 1303 1988; x_wconf 90' lang='lat' dir='ltr'><strong>hoc</strong></span> <span class='ocrx_word' id='word_1_71' title='bbox 1325 1923 1450 2009; x_wconf 88' lang='lat' dir='ltr'><strong>quoties</strong></span> 
     </span>
     <span class='ocr_line' id='line_1_12' title="bbox 492 2019 1449 2112; baseline -0.002 -20"><span class='ocrx_word' id='word_1_72' title='bbox 492 2029 760 2093; x_wconf 87' lang='lat' dir='ltr'><strong>conveniebantur</strong></span> <span class='ocrx_word' id='word_1_73' title='bbox 789 2019 1014 2109; x_wconf 84' lang='lat' dir='ltr'><strong>expresserint,</strong></span> <span class='ocrx_word' id='word_1_74' title='bbox 1041 2024 1123 2090; x_wconf 88' lang='lat' dir='ltr'><strong>sicut</strong></span> <span class='ocrx_word' id='word_1_75' title='bbox 1153 2025 1263 2112; x_wconf 90' lang='lat' dir='ltr'><strong>plures</strong></span> <span class='ocrx_word' id='word_1_76' title='bbox 1293 2026 1449 2090; x_wconf 88' lang='lat' dir='ltr'><strong>testaban-</strong></span> 
     </span>
     <span class='ocr_line' id='line_1_13' title="bbox 494 2125 1448 2214; baseline -0.002 -20"><span class='ocrx_word' id='word_1_77' title='bbox 494 2147 557 2210; x_wconf 90' lang='lat' dir='ltr'><strong>tur,</strong></span> <span class='ocrx_word' id='word_1_78' title='bbox 572 2153 604 2194; x_wconf 90' lang='lat' dir='ltr'><strong>se</strong></span> <span class='ocrx_word' id='word_1_79' title='bbox 626 2128 703 2193; x_wconf 93' lang='lat' dir='ltr'><strong>nihil</strong></span> <span class='ocrx_word' id='word_1_80' title='bbox 727 2129 949 2214; x_wconf 87' lang='lat' dir='ltr'><strong>pronuntiasse</strong></span> <span class='ocrx_word' id='word_1_81' title='bbox 962 2125 1116 2191; x_wconf 86' lang='lat' dir='ltr'><strong>adversus</strong></span> <span class='ocrx_word' id='word_1_82' title='bbox 1140 2127 1256 2191; x_wconf 89' lang='lat' dir='ltr'><strong>liberos</strong></span> <span class='ocrx_word' id='word_1_83' title='bbox 1274 2127 1362 2192; x_wconf 88' lang='lat' dir='ltr'><strong>illius</strong></span> <span class='ocrx_word' id='word_1_84' title='bbox 1382 2150 1448 2192; x_wconf 89' lang='lat' dir='ltr'><strong>ma·</strong></span> 
     </span>
     <span class='ocr_line' id='line_1_14' title="bbox 494 2227 1448 2317; baseline -0.001 -22"><span class='ocrx_word' id='word_1_85' title='bbox 494 2230 645 2311; x_wconf 88' lang='lat' dir='ltr'><strong>trimonii,</strong></span> <span class='ocrx_word' id='word_1_86' title='bbox 660 2230 747 2317; x_wconf 93' lang='lat' dir='ltr'><strong>quod</strong></span> <span class='ocrx_word' id='word_1_87' title='bbox 767 2244 872 2295; x_wconf 91' lang='lat' dir='ltr'><strong>tamen</strong></span> <span class='ocrx_word' id='word_1_88' title='bbox 893 2227 1053 2293; x_wconf 85' lang='lat' dir='ltr'><strong>infirmare</strong></span> <span class='ocrx_word' id='word_1_89' title='bbox 1071 2229 1292 2295; x_wconf 84' lang='lat' dir='ltr'><strong>moliebantur.</strong></span> <span class='ocrx_word' id='word_1_90' title='bbox 1341 2229 1448 2306; x_wconf 86' lang='lat' dir='ltr'><strong>Unde,</strong></span> 
     </span>
     <span class='ocr_line' id='line_1_15' title="bbox 495 2331 1448 2409; baseline 0.001 -12"><span class='ocrx_word' id='word_1_91' title='bbox 495 2346 532 2397; x_wconf 88' lang='lat' dir='ltr'><strong>ut</strong></span> <span class='ocrx_word' id='word_1_92' title='bbox 541 2333 712 2409; x_wconf 87' lang='lat' dir='ltr'><strong>asserebat,</strong></span> <span class='ocrx_word' id='word_1_93' title='bbox 721 2346 752 2397; x_wconf 92' lang='lat' dir='ltr'><strong>et</strong></span> <span class='ocrx_word' id='word_1_94' title='bbox 766 2331 898 2398; x_wconf 89' lang='lat' dir='ltr'><strong>illustris</strong></span> <span class='ocrx_word' id='word_1_95' title='bbox 911 2331 1107 2397; x_wconf 88' lang='lat' dir='ltr'><strong>Blesensium</strong></span> <span class='ocrx_word' id='word_1_96' title='bbox 1117 2356 1222 2398; x_wconf 86' lang='lat' dir='ltr'><strong>comes</strong></span> <span class='ocrx_word' id='word_1_97' title='bbox 1231 2332 1448 2409; x_wconf 88' lang='lat' dir='ltr'><strong>Theobaldus‚</strong></span> 
     </span>
     <span class='ocr_line' id='line_1_16' title="bbox 493 2433 1447 2522; baseline -0.002 -22"><span class='ocrx_word' id='word_1_98' title='bbox 493 2437 640 2522; x_wconf 84' lang='lat' dir='ltr'><strong>priuceps</strong></span> <span class='ocrx_word' id='word_1_99' title='bbox 653 2433 785 2522; x_wconf 86' lang='lat' dir='ltr'><strong>quidem</strong></span> <span class='ocrx_word' id='word_1_100' title='bbox 804 2434 942 2521; x_wconf 86' lang='lat' dir='ltr'><strong>justitiae</strong></span> <span class='ocrx_word' id='word_1_101' title='bbox 957 2449 1091 2513; x_wconf 90' lang='lat' dir='ltr'><strong>amator,</strong></span> <span class='ocrx_word' id='word_1_102' title='bbox 1107 2448 1139 2500; x_wconf 92' lang='lat' dir='ltr'><strong>et</strong></span> <span class='ocrx_word' id='word_1_103' title='bbox 1150 2434 1234 2521; x_wconf 82' lang='lat' dir='ltr'><strong>juris</strong></span> <span class='ocrx_word' id='word_1_104' title='bbox 1250 2435 1447 2502; x_wconf 86' lang='lat' dir='ltr'><strong>Cismontani</strong></span> 
     </span>
     <span class='ocr_line' id='line_1_17' title="bbox 492 2536 1446 2623; baseline -0.001 -22"><span class='ocrx_word' id='word_1_105' title='bbox 492 2538 712 2623; x_wconf 86' lang='lat' dir='ltr'><strong>peritissimus,</strong></span> <span class='ocrx_word' id='word_1_106' title='bbox 740 2537 780 2600; x_wconf 88' lang='lat' dir='ltr'><strong>ad</strong></span> <span class='ocrx_word' id='word_1_107' title='bbox 805 2559 900 2622; x_wconf 90' lang='lat' dir='ltr'><strong>quem</strong></span> <span class='ocrx_word' id='word_1_108' title='bbox 925 2540 993 2622; x_wconf 89' lang='lat' dir='ltr'><strong>ipse</strong></span> <span class='ocrx_word' id='word_1_109' title='bbox 1018 2536 1251 2602; x_wconf 88' lang='lat' dir='ltr'><strong>Wiutonieusis</strong></span> <span class='ocrx_word' id='word_1_110' title='bbox 1275 2538 1446 2602; x_wconf 89' lang='lat' dir='ltr'><strong>liberorum</strong></span> 
     </span>
     <span class='ocr_line' id='line_1_18' title="bbox 492 2638 1448 2726; baseline 0 -24"><span class='ocrx_word' id='word_1_111' title='bbox 492 2661 619 2702; x_wconf 87' lang='lat' dir='ltr'><strong>causam</strong></span> <span class='ocrx_word' id='word_1_112' title='bbox 635 2639 862 2716; x_wconf 85' lang='lat' dir='ltr'><strong>transmiserat,</strong></span> <span class='ocrx_word' id='word_1_113' title='bbox 877 2639 1015 2723; x_wconf 90' lang='lat' dir='ltr'><strong>eoquod</strong></span> <span class='ocrx_word' id='word_1_114' title='bbox 1033 2639 1073 2703; x_wconf 90' lang='lat' dir='ltr'><strong>ad</strong></span> <span class='ocrx_word' id='word_1_115' title='bbox 1094 2638 1197 2724; x_wconf 89' lang='lat' dir='ltr'><strong>ipsum</strong></span> <span class='ocrx_word' id='word_1_116' title='bbox 1218 2662 1269 2702; x_wconf 88' lang='lat' dir='ltr'><strong>res</strong></span> <span class='ocrx_word' id='word_1_117' title='bbox 1286 2639 1355 2726; x_wconf 91' lang='lat' dir='ltr'><strong>ipsa</strong></span> <span class='ocrx_word' id='word_1_118' title='bbox 1372 2641 1448 2726; x_wconf 91' lang='lat' dir='ltr'><strong>jure</strong></span> 
     </span>
     <span class='ocr_line' id='line_1_19' title="bbox 492 2736 1445 2822; baseline 0.002 -22"><span class='ocrx_word' id='word_1_119' title='bbox 492 2738 578 2800; x_wconf 88' lang='lat' dir='ltr'><strong>feodi</strong></span> <span class='ocrx_word' id='word_1_120' title='bbox 591 2739 784 2822; x_wconf 89' lang='lat' dir='ltr'><strong>pertinebat,</strong></span> <span class='ocrx_word' id='word_1_121' title='bbox 794 2736 902 2800; x_wconf 89' lang='lat' dir='ltr'><strong>accitis</strong></span> <span class='ocrx_word' id='word_1_122' title='bbox 911 2737 1090 2821; x_wconf 88' lang='lat' dir='ltr'><strong>potioribus</strong></span> <span class='ocrx_word' id='word_1_123' title='bbox 1101 2737 1257 2822; x_wconf 86' lang='lat' dir='ltr'><strong>episcopis</strong></span> <span class='ocrx_word' id='word_1_124' title='bbox 1270 2738 1395 2815; x_wconf 92' lang='lat' dir='ltr'><strong>Galliae,</strong></span> <span class='ocrx_word' id='word_1_125' title='bbox 1405 2762 1445 2802; x_wconf 85' lang='lat' dir='ltr'><strong>ex</strong></span> 
     </span>
     <span class='ocr_line' id='line_1_20' title="bbox 493 2834 1448 2923; baseline 0.001 -22"><span class='ocrx_word' id='word_1_126' title='bbox 493 2837 623 2901; x_wconf 88' lang='lat' dir='ltr'><strong>consilio</strong></span> <span class='ocrx_word' id='word_1_127' title='bbox 639 2857 745 2900; x_wconf 91' lang='lat' dir='ltr'><strong>eorum</strong></span> <span class='ocrx_word' id='word_1_128' title='bbox 767 2834 967 2920; x_wconf 89' lang='lat' dir='ltr'><strong>aliorumque</strong></span> <span class='ocrx_word' id='word_1_129' title='bbox 986 2835 1179 2920; x_wconf 90' lang='lat' dir='ltr'><strong>sapientum,</strong></span> <span class='ocrx_word' id='word_1_130' title='bbox 1195 2858 1289 2899; x_wconf 88' lang='lat' dir='ltr'><strong>causa</strong></span> <span class='ocrx_word' id='word_1_131' title='bbox 1309 2839 1448 2923; x_wconf 86' lang='lat' dir='ltr'><strong>cognita,</strong></span> 
     </span>
     <span class='ocr_line' id='line_1_21' title="bbox 494 2934 1449 3023; baseline -0.001 -21"><span class='ocrx_word' id='word_1_132' title='bbox 494 2952 584 3023; x_wconf 92' lang='lat' dir='ltr'><strong>patre</strong></span> <span class='ocrx_word' id='word_1_133' title='bbox 598 2936 762 3012; x_wconf 80' lang='lat' dir='ltr'><strong>defuncto,</strong></span> <span class='ocrx_word' id='word_1_134' title='bbox 778 2959 832 3001; x_wconf 91' lang='lat' dir='ltr'><strong>eos</strong></span> <span class='ocrx_word' id='word_1_135' title='bbox 848 2934 1006 3019; x_wconf 86' lang='lat' dir='ltr'><strong>legitimos</strong></span> <span class='ocrx_word' id='word_1_136' title='bbox 1025 2936 1153 3019; x_wconf 81' lang='lat' dir='ltr'><strong>agnovit</strong></span> <span class='ocrx_word' id='word_1_137' title='bbox 1170 2936 1449 3023; x_wconf 61' lang='lat' dir='ltr'><strong>boemanosque</strong></span> 
     </span>
     <span class='ocr_line' id='line_1_22' title="bbox 493 3036 1446 3124; baseline -0.006 -17"><span class='ocrx_word' id='word_1_138' title='bbox 493 3042 603 3107; x_wconf 89' lang='lat' dir='ltr'><strong>obesse</strong></span> <span class='ocrx_word' id='word_1_139' title='bbox 618 3062 680 3104; x_wconf 92' lang='lat' dir='ltr'><strong>non</strong></span> <span class='ocrx_word' id='word_1_140' title='bbox 692 3038 808 3103; x_wconf 92' lang='lat' dir='ltr'><strong>debere</strong></span> <span class='ocrx_word' id='word_1_141' title='bbox 819 3036 953 3117; x_wconf 88' lang='lat' dir='ltr'><strong>censuit,</strong></span> <span class='ocrx_word' id='word_1_142' title='bbox 961 3036 1118 3124; x_wconf 89' lang='lat' dir='ltr'><strong>quicquid</strong></span> <span class='ocrx_word' id='word_1_143' title='bbox 1134 3037 1165 3102; x_wconf 92' lang='lat' dir='ltr'><strong>in</strong></span> <span class='ocrx_word' id='word_1_144' title='bbox 1177 3037 1324 3102; x_wconf 81' lang='lat' dir='ltr'><strong>fraudem</strong></span> <span class='ocrx_word' id='word_1_145' title='bbox 1336 3060 1446 3103; x_wconf 90' lang='lat' dir='ltr'><strong>corum</strong></span> 
     </span>
     <span class='ocr_line' id='line_1_23' title="bbox 492 3140 1446 3228; baseline -0.003 -19"><span class='ocrx_word' id='word_1_146' title='bbox 492 3144 588 3210; x_wconf 93' lang='lat' dir='ltr'><strong>dolus</strong></span> <span class='ocrx_word' id='word_1_147' title='bbox 610 3141 726 3207; x_wconf 84' lang='lat' dir='ltr'><strong>artifex</strong></span> <span class='ocrx_word' id='word_1_148' title='bbox 746 3140 940 3228; x_wconf 88' lang='lat' dir='ltr'><strong>procuravit.</strong></span> <span class='ocrx_word' id='word_1_149' title='bbox 987 3140 1027 3203; x_wconf 91' lang='lat' dir='ltr'><strong>In</strong></span> <span class='ocrx_word' id='word_1_150' title='bbox 1048 3140 1226 3206; x_wconf 86' lang='lat' dir='ltr'><strong>bisantem</strong></span> <span class='ocrx_word' id='word_1_151' title='bbox 1247 3140 1398 3205; x_wconf 89' lang='lat' dir='ltr'><strong>omnibus</strong></span> <span class='ocrx_word' id='word_1_152' title='bbox 1413 3164 1446 3206; x_wconf 88' lang='lat' dir='ltr'><strong>se</strong></span> 
     </span>
     <span class='ocr_line' id='line_1_24' title="bbox 492 3240 1448 3330; baseline -0.001 -21"><span class='ocrx_word' id='word_1_153' title='bbox 492 3246 618 3310; x_wconf 87' lang='lat' dir='ltr'><strong>dicebat</strong></span> <span class='ocrx_word' id='word_1_154' title='bbox 640 3245 731 3330; x_wconf 91' lang='lat' dir='ltr'><strong>copia</strong></span> <span class='ocrx_word' id='word_1_155' title='bbox 754 3244 882 3311; x_wconf 88' lang='lat' dir='ltr'><strong>testium</strong></span> <span class='ocrx_word' id='word_1_156' title='bbox 906 3240 1081 3316; x_wconf 88' lang='lat' dir='ltr'><strong>abundare,</strong></span> <span class='ocrx_word' id='word_1_157' title='bbox 1104 3264 1221 3329; x_wconf 87' lang='lat' dir='ltr'><strong>eosque</strong></span> <span class='ocrx_word' id='word_1_158' title='bbox 1242 3240 1275 3306; x_wconf 90' lang='lat' dir='ltr'><strong>in</strong></span> <span class='ocrx_word' id='word_1_159' title='bbox 1301 3242 1448 3328; x_wconf 90' lang='lat' dir='ltr'><strong>plurimis</strong></span> 
     </span>
     <span class='ocr_line' id='line_1_25' title="bbox 496 3342 1448 3433; baseline 0 -22"><span class='ocrx_word' id='word_1_160' title='bbox 496 3345 696 3433; x_wconf 89' lang='lat' dir='ltr'><strong>producebat</strong></span> <span class='ocrx_word' id='word_1_161' title='bbox 732 3343 885 3421; x_wconf 88' lang='lat' dir='ltr'><strong>articulis,</strong></span> <span class='ocrx_word' id='word_1_162' title='bbox 919 3342 974 3408; x_wconf 88' lang='lat' dir='ltr'><strong>sed</strong></span> <span class='ocrx_word' id='word_1_163' title='bbox 1013 3342 1183 3420; x_wconf 89' lang='lat' dir='ltr'><strong>Ricardus‚</strong></span> <span class='ocrx_word' id='word_1_164' title='bbox 1219 3342 1367 3409; x_wconf 87' lang='lat' dir='ltr'><strong>insistens</strong></span> <span class='ocrx_word' id='word_1_165' title='bbox 1402 3346 1448 3412; x_wconf 91' lang='lat' dir='ltr'><strong>rei</strong></span> 
     </span>
     <span class='ocr_line' id='line_1_26' title="bbox 486 3445 1447 3534; baseline -0.001 -21"><span class='ocrx_word' id='word_1_166' title='bbox 486 3448 652 3534; x_wconf 70' lang='lat' dir='ltr'><strong>judicatas,</strong></span> <span class='ocrx_word' id='word_1_167' title='bbox 677 3447 718 3512; x_wconf 91' lang='lat' dir='ltr'><strong>ab</strong></span> <span class='ocrx_word' id='word_1_168' title='bbox 743 3446 878 3511; x_wconf 89' lang='lat' dir='ltr'><strong>articulo</strong></span> <span class='ocrx_word' id='word_1_169' title='bbox 903 3445 959 3509; x_wconf 92' lang='lat' dir='ltr'><strong>illo</strong></span> <span class='ocrx_word' id='word_1_170' title='bbox 989 3445 1080 3510; x_wconf 89' lang='lat' dir='ltr'><strong>avelli</strong></span> <span class='ocrx_word' id='word_1_171' title='bbox 1109 3466 1174 3510; x_wconf 89' lang='lat' dir='ltr'><strong>non</strong></span> <span class='ocrx_word' id='word_1_172' title='bbox 1204 3459 1342 3533; x_wconf 90' lang='lat' dir='ltr'><strong>poterat,</strong></span> <span class='ocrx_word' id='word_1_173' title='bbox 1368 3447 1447 3533; x_wconf 92' lang='lat' dir='ltr'><strong>quin</strong></span> 
     </span>
     <span class='ocr_line' id='line_1_27' title="bbox 493 3548 1446 3637; baseline 0.001 -23"><span class='ocrx_word' id='word_1_174' title='bbox 493 3564 639 3637; x_wconf 90' lang='lat' dir='ltr'><strong>oporteat</strong></span> <span class='ocrx_word' id='word_1_175' title='bbox 666 3562 773 3614; x_wconf 91' lang='lat' dir='ltr'><strong>tenere</strong></span> <span class='ocrx_word' id='word_1_176' title='bbox 799 3551 998 3625; x_wconf 85' lang='lat' dir='ltr'><strong>sententiam,</strong></span> <span class='ocrx_word' id='word_1_177' title='bbox 1021 3572 1095 3636; x_wconf 86' lang='lat' dir='ltr'><strong>quae</strong></span> <span class='ocrx_word' id='word_1_178' title='bbox 1120 3570 1184 3612; x_wconf 93' lang='lat' dir='ltr'><strong>non</strong></span> <span class='ocrx_word' id='word_1_179' title='bbox 1211 3548 1306 3613; x_wconf 90' lang='lat' dir='ltr'><strong>modo</strong></span> <span class='ocrx_word' id='word_1_180' title='bbox 1332 3548 1446 3635; x_wconf 88' lang='lat' dir='ltr'><strong>elapsis</strong></span> 
     </span>
     <span class='ocr_line' id='line_1_28' title="bbox 492 3649 1446 3737; baseline -0.001 -20"><span class='ocrx_word' id='word_1_181' title='bbox 492 3653 600 3718; x_wconf 89' lang='lat' dir='ltr'><strong>decem</strong></span> <span class='ocrx_word' id='word_1_182' title='bbox 624 3651 731 3737; x_wconf 82' lang='lat' dir='ltr'><strong>legum</strong></span> <span class='ocrx_word' id='word_1_183' title='bbox 756 3651 882 3727; x_wconf 60' lang='lat' dir='ltr'><strong>diebus</strong></span> <span class='ocrx_word' id='word_1_184' title='bbox 905 3650 959 3713; x_wconf 86' lang='lat' dir='ltr'><strong>sed</strong></span> <span class='ocrx_word' id='word_1_185' title='bbox 987 3662 1056 3714; x_wconf 92' lang='lat' dir='ltr'><strong>toto</strong></span> <span class='ocrx_word' id='word_1_186' title='bbox 1081 3650 1225 3714; x_wconf 83' lang='lat' dir='ltr'><strong>vicennio</strong></span> <span class='ocrx_word' id='word_1_187' title='bbox 1246 3649 1331 3735; x_wconf 85' lang='lat' dir='ltr'><strong>juris</strong></span> <span class='ocrx_word' id='word_1_188' title='bbox 1356 3652 1446 3715; x_wconf 91' lang='lat' dir='ltr'><strong>nullo</strong></span> 
     </span>
     <span class='ocr_line' id='line_1_29' title="bbox 492 3749 1446 3839; baseline -0.004 -21"><span class='ocrx_word' id='word_1_189' title='bbox 492 3754 631 3820; x_wconf 84' lang='lat' dir='ltr'><strong>remedio</strong></span> <span class='ocrx_word' id='word_1_190' title='bbox 655 3765 845 3839; x_wconf 88' lang='lat' dir='ltr'><strong>attemptata</strong></span> <span class='ocrx_word' id='word_1_191' title='bbox 869 3765 929 3815; x_wconf 86' lang='lat' dir='ltr'><strong>est.</strong></span> <span class='ocrx_word' id='word_1_192' title='bbox 974 3749 1174 3815; x_wconf 89' lang='lat' dir='ltr'><strong>Producebat</strong></span> <span class='ocrx_word' id='word_1_193' title='bbox 1196 3763 1228 3815; x_wconf 88' lang='lat' dir='ltr'><strong>et</strong></span> <span class='ocrx_word' id='word_1_194' title='bbox 1252 3762 1349 3814; x_wconf 89' lang='lat' dir='ltr'><strong>testes</strong></span> <span class='ocrx_word' id='word_1_195' title='bbox 1375 3753 1446 3837; x_wconf 88' lang='lat' dir='ltr'><strong>qui·</strong></span> 
     </span>
     <span class='ocr_line' id='line_1_30' title="bbox 491 3851 1445 3927; baseline -0.004 -5"><span class='ocrx_word' id='word_1_196' title='bbox 491 3857 552 3921; x_wconf 87' lang='lat' dir='ltr'><strong>bus</strong></span> <span class='ocrx_word' id='word_1_197' title='bbox 567 3857 730 3922; x_wconf 87' lang='lat' dir='ltr'><strong>nitebatur</strong></span> <span class='ocrx_word' id='word_1_198' title='bbox 738 3853 913 3927; x_wconf 88' lang='lat' dir='ltr'><strong>ostendere,</strong></span> <span class='ocrx_word' id='word_1_199' title='bbox 928 3875 961 3917; x_wconf 90' lang='lat' dir='ltr'><strong>se</strong></span> <span class='ocrx_word' id='word_1_200' title='bbox 976 3852 1017 3917; x_wconf 91' lang='lat' dir='ltr'><strong>ab</strong></span> <span class='ocrx_word' id='word_1_201' title='bbox 1032 3852 1192 3916; x_wconf 86' lang='lat' dir='ltr'><strong>avunculo</strong></span> <span class='ocrx_word' id='word_1_202' title='bbox 1207 3874 1265 3915; x_wconf 89' lang='lat' dir='ltr'><strong>suo</strong></span> <span class='ocrx_word' id='word_1_203' title='bbox 1280 3851 1445 3918; x_wconf 92' lang='lat' dir='ltr'><strong>Willelmo</strong></span> 
     </span>
     <span class='ocr_line' id='line_1_31' title="bbox 492 3953 1448 4039; baseline -0.004 -20"><span class='ocrx_word' id='word_1_204' title='bbox 492 3958 675 4025; x_wconf 90' lang='lat' dir='ltr'><strong>institutum</strong></span> <span class='ocrx_word' id='word_1_205' title='bbox 698 3955 869 4035; x_wconf 71' lang='lat' dir='ltr'><strong>haeredem,</strong></span> <span class='ocrx_word' id='word_1_206' title='bbox 891 3968 923 4019; x_wconf 91' lang='lat' dir='ltr'><strong>et</strong></span> <span class='ocrx_word' id='word_1_207' title='bbox 943 3953 1022 4017; x_wconf 84' lang='lat' dir='ltr'><strong>alios</strong></span> <span class='ocrx_word' id='word_1_208' title='bbox 1040 3967 1192 4039; x_wconf 87' lang='lat' dir='ltr'><strong>tanquam</strong></span> <span class='ocrx_word' id='word_1_209' title='bbox 1216 3953 1338 4038; x_wconf 89' lang='lat' dir='ltr'><strong>spurios</strong></span> <span class='ocrx_word' id='word_1_210' title='bbox 1357 3955 1448 4020; x_wconf 69' lang='lat' dir='ltr'><strong>abdi,</strong></span> 
     </span>
     <span class='ocr_line' id='line_1_32' title="bbox 492 4056 1448 4144; baseline 0 -22"><span class='ocrx_word' id='word_1_211' title='bbox 492 4073 589 4124; x_wconf 90' lang='lat' dir='ltr'><strong>catos.</strong></span> <span class='ocrx_word' id='word_1_212' title='bbox 638 4060 700 4124; x_wconf 90' lang='lat' dir='ltr'><strong>Sed</strong></span> <span class='ocrx_word' id='word_1_213' title='bbox 716 4083 774 4124; x_wconf 89' lang='lat' dir='ltr'><strong>nec</strong></span> <span class='ocrx_word' id='word_1_214' title='bbox 789 4056 990 4144; x_wconf 84' lang='lat' dir='ltr'><strong>privilegium</strong></span> <span class='ocrx_word' id='word_1_215' title='bbox 1006 4057 1116 4120; x_wconf 90' lang='lat' dir='ltr'><strong>obesse</strong></span> <span class='ocrx_word' id='word_1_216' title='bbox 1137 4077 1341 4141; x_wconf 87' lang='lat' dir='ltr'><strong>personarum</strong></span> <span class='ocrx_word' id='word_1_217' title='bbox 1362 4056 1448 4122; x_wconf 90' lang='lat' dir='ltr'><strong>dice·</strong></span> 
     </span>
     <span class='ocr_line' id='line_1_33' title="bbox 494 4156 1446 4248; baseline 0.001 -24"><span class='ocrx_word' id='word_1_218' title='bbox 494 4161 562 4236; x_wconf 89' lang='lat' dir='ltr'><strong>bat,</strong></span> <span class='ocrx_word' id='word_1_219' title='bbox 589 4184 691 4248; x_wconf 92' lang='lat' dir='ltr'><strong>quum</strong></span> <span class='ocrx_word' id='word_1_220' title='bbox 717 4162 837 4226; x_wconf 86' lang='lat' dir='ltr'><strong>factum</strong></span> <span class='ocrx_word' id='word_1_221' title='bbox 863 4158 1029 4245; x_wconf 91' lang='lat' dir='ltr'><strong>proprium</strong></span> <span class='ocrx_word' id='word_1_222' title='bbox 1061 4157 1141 4222; x_wconf 89' lang='lat' dir='ltr'><strong>nulli</strong></span> <span class='ocrx_word' id='word_1_223' title='bbox 1172 4156 1264 4222; x_wconf 88' lang='lat' dir='ltr'><strong>liceat</strong></span> <span class='ocrx_word' id='word_1_224' title='bbox 1289 4158 1446 4245; x_wconf 84' lang='lat' dir='ltr'><strong>ignorare.</strong></span> 
     </span>
     <span class='ocr_line' id='line_1_34' title="bbox 496 4257 1448 4346; baseline -0.001 -20"><span class='ocrx_word' id='word_1_225' title='bbox 496 4262 588 4326; x_wconf 87' lang='lat' dir='ltr'><strong>Licet</strong></span> <span class='ocrx_word' id='word_1_226' title='bbox 614 4262 696 4324; x_wconf 89' lang='lat' dir='ltr'><strong>enim</strong></span> <span class='ocrx_word' id='word_1_227' title='bbox 725 4260 902 4326; x_wconf 88' lang='lat' dir='ltr'><strong>Willelmus</strong></span> <span class='ocrx_word' id='word_1_228' title='bbox 931 4273 1023 4346; x_wconf 90' lang='lat' dir='ltr'><strong>pater</strong></span> <span class='ocrx_word' id='word_1_229' title='bbox 1050 4257 1196 4324; x_wconf 86' lang='lat' dir='ltr'><strong>Mabiliae</strong></span> <span class='ocrx_word' id='word_1_230' title='bbox 1225 4258 1314 4324; x_wconf 88' lang='lat' dir='ltr'><strong>miles</strong></span> <span class='ocrx_word' id='word_1_231' title='bbox 1338 4260 1448 4337; x_wconf 81' lang='lat' dir='ltr'><strong>fuerit,</strong></span> 
     </span>
     <span class='ocr_line' id='line_1_35' title="bbox 494 4361 1448 4449; baseline -0.002 -22"><span class='ocrx_word' id='word_1_232' title='bbox 494 4375 599 4427; x_wconf 88' lang='lat' dir='ltr'><strong>tamen</strong></span> <span class='ocrx_word' id='word_1_233' title='bbox 611 4362 757 4447; x_wconf 82' lang='lat' dir='ltr'><strong>ignorare</strong></span> <span class='ocrx_word' id='word_1_234' title='bbox 770 4386 831 4427; x_wconf 91' lang='lat' dir='ltr'><strong>uon</strong></span> <span class='ocrx_word' id='word_1_235' title='bbox 838 4363 952 4428; x_wconf 86' lang='lat' dir='ltr'><strong>debuit</strong></span> <span class='ocrx_word' id='word_1_236' title='bbox 961 4362 1040 4449; x_wconf 89' lang='lat' dir='ltr'><strong>quid</strong></span> <span class='ocrx_word' id='word_1_237' title='bbox 1052 4361 1152 4447; x_wconf 86' lang='lat' dir='ltr'><strong>egerit</strong></span> <span class='ocrx_word' id='word_1_238' title='bbox 1161 4384 1261 4447; x_wconf 90' lang='lat' dir='ltr'><strong>quum</strong></span> <span class='ocrx_word' id='word_1_239' title='bbox 1274 4361 1448 4426; x_wconf 86' lang='lat' dir='ltr'><strong>Albredam</strong></span> 
     </span>
     <span class='ocr_line' id='line_1_36' title="bbox 491 4462 1445 4552; baseline -0.001 -23"><span class='ocrx_word' id='word_1_240' title='bbox 491 4467 644 4552; x_wconf 88' lang='lat' dir='ltr'><strong>receperit</strong></span> <span class='ocrx_word' id='word_1_241' title='bbox 675 4464 708 4527; x_wconf 89' lang='lat' dir='ltr'><strong>in</strong></span> <span class='ocrx_word' id='word_1_242' title='bbox 739 4486 882 4543; x_wconf 86' lang='lat' dir='ltr'><strong>uxorem,</strong></span> <span class='ocrx_word' id='word_1_243' title='bbox 913 4486 975 4527; x_wconf 90' lang='lat' dir='ltr'><strong>non</strong></span> <span class='ocrx_word' id='word_1_244' title='bbox 1005 4486 1060 4549; x_wconf 88' lang='lat' dir='ltr'><strong>spe</strong></span> <span class='ocrx_word' id='word_1_245' title='bbox 1087 4462 1218 4550; x_wconf 90' lang='lat' dir='ltr'><strong>quidem</strong></span> <span class='ocrx_word' id='word_1_246' title='bbox 1247 4462 1362 4539; x_wconf 81' lang='lat' dir='ltr'><strong>futuri,</strong></span> <span class='ocrx_word' id='word_1_247' title='bbox 1389 4463 1445 4528; x_wconf 84' lang='lat' dir='ltr'><strong>sed</strong></span> 
     </span>
     <span class='ocr_line' id='line_1_37' title="bbox 539 4584 995 4631; baseline 0.002 -2"><span class='ocrx_word' id='word_1_248' title='bbox 539 4586 612 4631; x_wconf 83' lang='lat' dir='ltr'><strong>VOL.</strong></span> <span class='ocrx_word' id='word_1_249' title='bbox 629 4587 651 4631; x_wconf 87' lang='lat'><strong>1.</strong></span> <span class='ocrx_word' id='word_1_250' title='bbox 973 4584 995 4630; x_wconf 78' lang='lat' dir='ltr'>K</span> 
     </span>
    </p>
   </div>
   <div class='ocr_carea' id='block_1_3' title="bbox 0 0 1942 5725">
    <p class='ocr_par' dir='ltr' id='par_1_3' title="bbox 0 0 1942 5725">
     <span class='ocr_line' id='line_1_38' title="bbox 0 0 1942 5725; baseline 0 0"><span class='ocrx_word' id='word_1_251' title='bbox 0 0 1942 5725; x_wconf 95' lang='lat' dir='ltr'><strong> </strong></span> 
     </span>
    </p>
   </div>
  </div>
 </body>
</html>
