3875 5725
574 848 636 906 142
832 857 968 903 Jonuurs
985 856 1260 901 sssssaaarausrs
1431 839 1476 918 [s.
1495 858 1523 902 o.

576 1011 808 1098 increpationis
823 1033 899 1095 ergo
914 1023 1027 1072 vestrae
1043 1008 1188 1094 querelas
1204 1007 1342 1090 graviter·
1358 1007 1477 1093 accepi,
1493 1023 1525 1073 et

570 1115 681 1178 eodem
699 1115 803 1178 animo
823 1136 890 1200 quo
910 1135 962 1175 eas
984 1133 1132 1175 noveram
1154 1133 1222 1174 esse
1242 1110 1450 1196 conscriptas
1465 1111 1524 1175 nisi

570 1216 658 1301 quod
674 1217 705 1279 in
721 1216 826 1281 anima
842 1214 962 1300 puriori
976 1212 1176 1276 sinceriorem
1192 1235 1258 1274 esse
1273 1212 1369 1275 credo
1384 1212 1525 1277 caritatis

571 1315 731 1380 affectum.
778 1314 811 1378 Si
826 1313 909 1376 enim
926 1336 1023 1399 super
1045 1313 1104 1389 bis,
1124 1312 1171 1374 vel
1188 1312 1266 1375 vitio
1288 1313 1478 1396 arrogantiae
1493 1327 1524 1378 et

572 1400 813 1500 ingratitudinis
829 1416 991 1479 vobiscum
1015 1413 1218 1491 contendero,
1234 1426 1433 1498 praeteream
1451 1438 1524 1498 quae

569 1505 743 1602 perspicuis
768 1531 799 1580 et
824 1517 988 1602 perpetuis
1016 1516 1171 1579 virtutum
1204 1515 1307 1579 titulis
1331 1515 1523 1597 illustratur,

569 1620 743 1684 domestica
772 1619 959 1703 probatione
986 1617 1165 1681 convincor.
1223 1618 1338 1682 Gratia
1365 1619 1521 1703 siquidem

572 1721 702 1785 Domini
725 1735 757 1784 et
778 1734 894 1794 vestra,
911 1742 980 1781 sum
1005 1717 1159 1803 quicquid
1183 1740 1266 1790 sum,
1288 1718 1394 1803 siquid
1419 1733 1521 1782 tamen

570 1845 654 1901 sum,
675 1836 706 1887 et
729 1820 939 1885 institutionis
955 1831 1067 1884 vestrae
1091 1820 1242 1883 beneficio
1264 1842 1314 1883 me
1337 1843 1429 1905 spero
1443 1844 1523 1884 sem·

570 1926 790 2012 perlaturum
808 1923 979 1986 meliorem.

614 2027 808 2111 Scripseram
833 2025 963 2109 quidem
988 2023 1077 2087 vobis
1101 2021 1141 2085 de
1164 2022 1306 2087 adventu
1330 2046 1411 2098 meo,
1434 2025 1522 2106 quod

570 2150 610 2190 ex
642 2127 793 2211 subjectis
822 2125 924 2188 causis
956 2125 1025 2187 fore
1061 2123 1268 2188 credideram.
1320 2126 1416 2199 Quod
1447 2150 1524 2190 vero

571 2227 757 2292 sententiam
782 2227 903 2290 mutavi
923 2226 973 2289 vel
995 2225 1118 2301 distuli,
1142 2248 1204 2288 non
1228 2225 1339 2290 levitas
1362 2250 1442 2304 mea,
1466 2230 1521 2294 sed

569 2328 736 2393 consilium
767 2328 938 2392 amicorum
964 2351 1103 2392 meorum
1135 2329 1209 2392 fuit.
1254 2329 1350 2393 Unde
1376 2331 1436 2394 hoc
1465 2339 1522 2398 aul

569 2429 687 2493 nullam
700 2430 847 2505 arbitror,
857 2430 1024 2494 autlevem
1035 2429 1280 2517 culpam,qunm
1292 2444 1323 2495 et
1335 2432 1522 2498 Altissimus

567 2529 754 2594 sententiam
771 2542 886 2604 mutet,
896 2531 990 2617 cujus
1005 2530 1171 2596 consilium
1185 2546 1291 2595 manet
1306 2531 1339 2595 in
1355 2546 1521 2599 aternum.

570 2633 642 2696 Non
672 2630 754 2695 enim
786 2632 925 2695 fortunae
955 2631 1085 2695 insidias
1116 2630 1201 2695 solus
1231 2633 1323 2721 potui
1354 2634 1522 2714 declinare,

567 2755 670 2818 quum
686 2732 792 2795 omnia
812 2754 886 2817 quae
910 2731 969 2796 sub
992 2730 1057 2795 sole
1077 2745 1163 2809 sunt,
1180 2732 1311 2797 lubricae
1333 2739 1425 2799 sortis
1441 2760 1521 2801 vana

569 2845 736 2899 versentur
757 2833 789 2897 in
812 2832 889 2898 alea.
939 2833 1066 2898 Fluxus
1088 2834 1203 2898 etenim
1228 2836 1392 2923 temporis,
1416 2851 1522 2903 motus

567 2959 683 3016 rerum,
698 2936 800 3021 caligo
823 2937 987 3016 mentium,
1007 2936 1118 3002 levitas
1140 2938 1328 3015 animorum,
1343 2965 1434 3004 axem
1457 2943 1522 3005 for-

568 3053 655 3104 tunae
677 3052 767 3104 tanta
787 3040 836 3103 sui
858 3040 1002 3124 agilitate
1021 3041 1261 3120 circumferunt,
1282 3056 1319 3107 ut
1342 3066 1403 3106 non
1427 3045 1521 3108 modo

568 3156 669 3206 rotam
694 3142 774 3225 ejus,
791 3140 846 3204 sed
868 3155 900 3205 et
924 3142 1023 3204 totius
1045 3141 1132 3206 orbis
1154 3143 1266 3206 molem
1284 3144 1375 3210 facile
1398 3160 1520 3213 constet

565 3266 633 3307 esse
658 3242 842 3306 volubilem.
893 3242 1010 3304 Verum
1038 3265 1077 3306 ne
1103 3264 1165 3305 non
1192 3259 1256 3308 tam
1282 3269 1331 3310 me
1358 3272 1520 3328 excusare,

566 3366 661 3427 quarn
686 3364 790 3406 rerum
812 3341 1024 3405 conditionem
1040 3342 1162 3405 frustra
1178 3342 1285 3407 videar
1307 3369 1456 3412 accusare
1478 3350 1518 3413 de

563 3444 723 3518 omnibus,
740 3441 794 3505 sed
815 3464 910 3505 causa
930 3442 1058 3527 cognita
1073 3443 1229 3529 judicare.
1278 3448 1387 3512 Status
1407 3450 1516 3535 itaque

564 3544 626 3609 mei
655 3543 767 3608 faciem
796 3564 969 3628 parumper
994 3542 1150 3628 inspicite,
1177 3545 1367 3609 serenissimi
1397 3548 1515 3614 domini

565 3648 666 3714 nostri
696 3646 780 3733 regis
811 3645 1006 3731 Anglorum,
1032 3646 1074 3709 ab
1099 3650 1184 3710 auno*
1211 3651 1386 3733 praeterito,
1411 3656 1517 3738 gravis

564 3752 596 3815 in
620 3774 670 3815 me
691 3749 798 3816 studio
818 3748 1008 3812 aemulorum
1023 3750 1161 3814 excitata
1183 3763 1231 3816 est
1251 3751 1437 3837 indignatio.
1483 3760 1517 3822 Si

564 3877 689 3919 causam
703 3851 859 3939 quaeritis,
872 3851 1023 3937 professio
1039 3852 1206 3931 libertatis,
1219 3854 1360 3919 veritatis
1376 3855 1518 3922 defensio

563 3956 695 4019 crimina
713 3977 783 4018 mea
798 3968 892 4018 sunt:
924 3954 1014 4019 testis
1029 3968 1075 4019 est
1097 3956 1175 4018 mibi
1191 3968 1348 4020 scrutator·
1362 3960 1518 4042 cordium,

564 4080 657 4144 quern
681 4056 803 4120 inutilis
825 4070 857 4120 et
880 4057 1056 4142 perniciosa
1072 4058 1136 4121 vita
1157 4080 1227 4121 mea
1249 4072 1318 4124 tota
1340 4084 1463 4148 semper
1485 4079 1516 4129 et

564 4156 657 4222 nimis
680 4153 824 4232 offendit,
848 4156 924 4240 quia
946 4156 1077 4220 alterius
1099 4156 1214 4244 culpae,
1236 4159 1323 4244 quod
1351 4165 1392 4226 ad
1418 4163 1519 4230 dorni-

564 4279 640 4322 num
657 4274 776 4338 regem,
793 4256 1014 4318 conscientiam
1032 4257 1146 4321 nescio.
1185 4259 1310 4344 Ipsum,
1322 4274 1358 4325 ut
1373 4266 1518 4344 audistis,

566 4359 653 4423 adire
683 4356 911 4442 disposueram,
936 4379 1036 4419 meam
1064 4353 1272 4425 innocentiam
1304 4378 1516 4449 purgaturus

564 4461 616 4526 sed
634 4483 691 4548 per
710 4456 880 4522 familiares
902 4481 975 4523 suos
997 4458 1107 4539 didici,
1123 4484 1173 4525 me
1196 4463 1381 4530 nullomodo
1402 4467 1517 4533 admit-
