3875 5725
497 832 605 906 1166]
877 850 1056 895 srrsronn.
1383 837 1449 899 829

517 1105 738 1171 EPISTOLA
762 1105 1103 1197 cumuli-m
1124 1126 1323 1172 usersranu
1346 1125 1428 1171 osn-

767 1225 908 1273 nmnnu.
943 1211 990 1286 [A.
1004 1228 1035 1271 n.
1055 1209 1164 1289 nou]

795 1367 959 1447 Maqistro
977 1367 1151 1449 Gaufrido.

536 1500 768 1561 Exrncrsntu
783 1498 817 1559 in
833 1497 937 1561 reditu
951 1499 1063 1562 nuncii
1083 1501 1145 1562 mei
1162 1501 1203 1564 ad
1224 1502 1394 1569 consilium
1415 1514 1447 1568 et

493 1600 651 1663 auxilium
663 1609 775 1662 contra
789 1599 922 1662 fortuuae
938 1600 1099 1663 saevientis
1113 1600 1156 1684 inj
1162 1601 1257 1680 urias,
1271 1603 1446 1668 litterarum

492 1710 616 1764 tuarum
642 1701 755 1764 solatio
781 1701 924 1776 recreari,
946 1701 1003 1764 sed
1026 1723 1090 1784 qua
1112 1722 1166 1765 eas
1189 1714 1304 1784 praeter
1325 1726 1445 1768 morem

493 1810 594 1880 tuum,
602 1810 635 1865 et
649 1812 761 1865 contra
776 1823 867 1886 spem
879 1824 984 1866 meam
1000 1803 1239 1886 dispensatione
1252 1807 1447 1868 subtraxeris

493 1903 608 1981 amico,
623 1903 678 1966 diu
700 1903 842 1966 exulanti
863 1912 896 1966 et
915 1925 957 1968 ex
975 1904 1053 1967 fidei
1075 1926 1172 1967 causa
1191 1906 1380 1990 proscript0,
1395 1906 1445 1969 in·

493 2012 615 2074 certum
625 2014 682 2067 est.
713 2003 830 2085 Neque
845 2004 930 2067 euim
945 2005 1025 2068 mihi
1034 2004 1126 2067 facile
1136 2005 1318 2088 persuaderi
1326 2017 1444 2089 potest,

494 2102 581 2187 quod
607 2105 658 2167 vel
681 2105 840 2168 calamum
865 2127 884 2168 a
908 2106 1141 2189 seriptitatione
1165 2108 1370 2184 continueris,
1394 2109 1446 2171 vel

491 2204 678 2269 mandatum
694 2206 816 2270 domini
832 2208 970 2285 abbatis,
988 2206 1074 2290 quod
1090 2230 1133 2271 ex
1146 2209 1259 2272 litteris
1273 2208 1342 2293 ejus
1357 2209 1397 2272 ad
1413 2221 1445 2274 te

491 2305 571 2368 mihi
594 2305 744 2384 innotuit,
767 2306 982 2390 suspenderis,
1006 2318 1041 2370 ut
1070 2308 1149 2370 mibi
1178 2307 1445 2388 incommodares,

491 2407 612 2477 sodex
635 2407 827 2478 necessitate
853 2420 886 2473 et
911 2409 1163 2494 dispensatione,
1185 2430 1257 2494 quae
1280 2431 1340 2474 nec
1367 2411 1445 2475 fidei

490 2520 601 2573 notam
629 2511 761 2590 ingerat,
791 2530 852 2572 nec
887 2511 1036 2574 amicitiae
1072 2510 1260 2574 devenustet
1292 2514 1442 2578 officium.

491 2609 586 2671 Absit
615 2609 700 2671 enim
730 2616 766 2669 ut
795 2609 859 2671 cito
888 2629 1055 2690 perperam
1087 2610 1223 2676 sentiam
1259 2609 1299 2672 de
1328 2613 1443 2676 amico.

492 2709 602 2779 Unum
618 2716 725 2777 autem
740 2718 800 2779 est,
817 2707 904 2789 quod
920 2707 1017 2770 audio
1032 2718 1064 2770 te
1084 2728 1153 2770 esse
1174 2718 1221 2771 tot
1235 2719 1267 2771 et
1284 2711 1382 2773 tantis
1402 2712 1443 2775 de

492 2831 587 2887 novo,
598 2819 630 2874 et
645 2809 704 2874 tibi
716 2818 749 2872 et
759 2809 822 2873 tuis
838 2809 956 2874 utiliter
966 2809 1102 2890 negotiis
1116 2808 1319 2894 implicitum,
1328 2820 1364 2881 nt
1377 2833 1443 2876 non

490 2913 588 2977 modo
603 2911 715 2975 amicis
731 2912 868 2976 scribere
882 2929 1038 2991 nequeas,
1052 2910 1109 2975 sed
1124 2930 1185 2974 nee
1200 2930 1308 2972 eorum
1322 2912 1444 2977 litteras
1537 2989 1543 3007 Ι

489 3014 585 3078 facile
604 3015 709 3095 legere
724 3012 774 3075 vel
794 3010 921 3075 audire:
943 3010 1031 3074 unde
1051 3021 1083 3074 et
1102 3011 1161 3073 tibi
1181 3010 1308 3094 parcius
1328 3014 1444 3093 scribo,

490 3115 585 3180 etad
608 3136 692 3197 quae,
712 3114 739 3177 si
761 3122 867 3176 tamen
892 3112 927 3175 id
951 3112 1041 3175 cordi
1064 3112 1167 3191 suerit,
1188 3112 1308 3195 poteris
1331 3114 1445 3179 leviter

488 3215 690 3300 respondere.
734 3214 831 3277 Licet
847 3224 950 3276 autem
971 3214 1102 3276 omnino
1117 3212 1224 3291 sileas,
1237 3223 1270 3276 te
1285 3224 1392 3278 tamen
1408 3228 1444 3279 ut

491 3316 605 3381 Cicero
620 3316 654 3378 in
669 3316 818 3398 Epistola
834 3314 875 3377 ad
890 3315 1044 3377 Tironem
1061 3313 1100 3376 de
1115 3314 1221 3377 amico
1237 3312 1357 3393 scribit,
1371 3317 1443 3379 ubi-

490 3440 553 3502 que
565 3418 640 3481 etin
653 3417 801 3481 omnibus
812 3416 917 3479 habeo
928 3426 1130 3493 excusatum,
1138 3436 1263 3497 ponens
1272 3417 1299 3479 si
1312 3418 1442 3502 quando

490 3518 647 3583 destiteris
661 3520 702 3583 ab
718 3517 835 3596 officio,
849 3517 910 3581 tibi
928 3517 1197 3601 opportunitatem
1213 3517 1365 3597 defuisse,
1375 3541 1442 3583 non

488 3622 640 3684 animum.
686 3620 763 3683 Hoc
783 3627 832 3681 est
851 3629 956 3681 autem
978 3616 1063 3700 quod
1082 3618 1177 3680 facile
1198 3620 1328 3699 poteris,
1343 3641 1442 3701 quum

488 3731 617 3785 auctore
633 3720 776 3783 Domino
797 3718 1019 3801 opportunitas
1038 3737 1105 3778 non
1123 3717 1293 3795 negabitur
1309 3718 1440 3781 volenti.

489 3821 602 3886 Saluta
616 3821 746 3888 domum
762 3828 850 3881 tuam
871 3826 979 3880 totam.
1025 3816 1061 3879 Si
1081 3815 1245 3898 quaesieris
1263 3817 1341 3879 forte
1362 3819 1442 3901 quid

489 3932 602 4004 agatur
620 3921 655 3983 iu
670 3918 818 3994 Francia,
832 3916 957 3979 noveris
977 3914 1130 3997 quoniam
1150 3911 1195 3976 ibi
1214 3916 1373 3981 Dominus
1388 3940 1442 3981 cot

487 4023 574 4099 litur,
590 4022 643 4104 qui
665 4041 730 4083 nou
751 4018 792 4081 de
810 4038 894 4080 novo
914 4026 1059 4078 mortuus
1079 4023 1146 4092 est;
1168 4036 1229 4078 nec
1250 4017 1440 4081 monachum

489 4120 603 4195 induit,
618 4141 679 4183 nec
702 4118 799 4183 bonis
816 4117 882 4181 suis
904 4115 1105 4189 renuntiavit,
1121 4125 1157 4178 ut
1178 4135 1239 4177 nec
1261 4115 1379 4181 habeat
1400 4119 1441 4182 de

492 4230 607 4281 caetero
618 4217 704 4279 unde
719 4228 830 4300 pascat
846 4218 958 4280 exules
973 4236 1057 4278 suos.
1089 4214 1125 4277 si
1140 4215 1179 4278 de
1192 4237 1253 4295 me,
1265 4219 1378 4299 paucis
1392 4241 1440 4282 re-

490 4317 645 4404 spondeo,
661 4319 735 4399 quia
749 4330 796 4380 est
811 4321 894 4383 bona
909 4319 1060 4382 librorum
1077 4317 1218 4380 Domino
1234 4320 1384 4403 propitio,
1395 4330 1427 4389 et

631 4460 736 4469 —
748 4431 853 4499 provisae
865 4431 948 4498 frugis
960 4433 987 4484 iu
1000 4450 1101 4501 aunum¹
