3875 5725
485 830 528 890 ro
742 839 879 920 sonuum
895 835 1175 884 sannsasursusrs
1342 821 1392 901 [a.
1412 843 1442 888 o.

486 992 674 1077 magistrum
700 993 733 1056 S.
748 995 805 1075 qui
827 989 981 1053 adversus
1001 987 1213 1051 innocentiam
1231 999 1367 1052 vestram
1394 1010 1446 1054 re-

486 1094 570 1179 ginae
582 1091 722 1158 animum
734 1091 922 1156 concitavit:
947 1088 1026 1176 quid
1042 1088 1103 1152 boc
1115 1088 1203 1152 aliud
1220 1101 1268 1154 est
1282 1110 1381 1175 quam
1396 1110 1448 1154 re-

486 1193 604 1278 ginam,
625 1214 699 1278 quoe
722 1215 795 1257 eum
817 1191 907 1256 robis
931 1189 1136 1254 audientibus
1158 1189 1333 1265 excusavit,
1354 1206 1444 1256 ream

487 1294 641 1359 mendacii
661 1293 787 1356 facere?
823 1293 868 1356 Et
891 1291 969 1377 quia
988 1290 1184 1355 voluntatem
1206 1290 1326 1355 domini
1347 1312 1443 1378 papoe

487 1395 577 1459 vobis
599 1395 773 1459 innotuisse
795 1416 857 1457 non
881 1394 1087 1477 ambigimus,
1111 1391 1302 1457 fraternitati
1324 1407 1443 1460 vestras

486 1497 692 1584 praesentium
723 1495 950 1581 significatione
978 1494 1192 1581 praecipimus,
1220 1507 1257 1559 ut
1284 1516 1353 1558 eam
1383 1495 1445 1558 im-

489 1596 614 1685 pleatis,
626 1597 832 1682 prohibentes
843 1618 882 1660 ne
894 1595 973 1680 quid
987 1607 1097 1658 contra
1111 1618 1180 1659 earn
1192 1616 1289 1681 super
1298 1593 1441 1680 ejusdem

388 1756 394 1765 .
488 1696 626 1762 ecclesiis
636 1698 822 1762 innovetur:
840 1694 1044 1781 praecipimus
1055 1694 1151 1760 etiam
1166 1707 1202 1758 ut
1213 1694 1305 1757 nobis
1315 1694 1442 1757 faciatis

489 1801 612 1887 copiam
627 1799 818 1874 litterarum,
834 1821 915 1885 quas
931 1801 972 1862 G.
990 1796 1110 1861 archid.
1131 1818 1227 1884 super
1241 1796 1301 1860 hoc
1319 1796 1441 1861 attulit.

490 1903 590 1968 Novit
612 1902 761 1966 diseretio
783 1913 888 1963 vestra
911 1899 990 1984 quid
1014 1920 1087 1962 eum
1111 1911 1276 1984 sequatur,
1297 1897 1355 1984 qui
1381 1898 1441 1964 soit

491 2017 524 2070 st
540 2025 602 2068 non
618 2003 694 2067 facit
710 2001 842 2064 Domini
858 1999 1067 2067 voluntatem.

564 2335 785 2400 EPISTOLA
807 2337 1019 2400 XXIV.-ao
1034 2354 1152 2400 anunm
1167 2352 1358 2401 nsnnrcmr.

823 2475 906 2554 Reyi
922 2475 1110 2556 duplorum.

534 2608 637 2672 S1cur
658 2603 870 2669 clementioris
893 2604 987 2668 famae
1007 2603 1159 2668 beneficio
1179 2603 1271 2669 uobis
1291 2603 1443 2683 innotuit,

490 2707 593 2772 virtus
619 2719 724 2772 vestra
752 2729 876 2793 semper
905 2707 937 2771 in
967 2706 1107 2772 Domino
1137 2720 1353 2791 prosperatur,
1384 2706 1441 2792 qui

490 2833 655 2877 successus
676 2823 798 2877 vestros
820 2810 954 2898 adjectis
977 2808 1173 2875 successibus
1194 2808 1358 2874 cumulare
1379 2829 1443 2873 non

491 2915 618 2996 desinit,
632 2929 664 2980 et
687 2915 719 2979 in
744 2927 835 2979 tanto
856 2935 1081 3001 prosperorum
1104 2934 1212 2987 cursu,
1227 2908 1325 2975 vestri
1339 2923 1371 2975 et
1392 2914 1444 2976 sui

489 3019 579 3083 dedit
604 3018 721 3082 habere
746 3018 907 3082 notitiam.
954 3018 999 3078 Et
1021 3014 1149 3099 quidem
1178 3037 1252 3100 quaa
1275 3012 1362 3099 apud
1385 3035 1443 3077 nos

491 3130 577 3192 sunt,
604 3129 694 3181 tanta
719 3115 806 3200 pacis
829 3127 861 3179 et
882 3115 998 3199 quietis
1025 3116 1137 3180 laetitia
1162 3115 1383 3200 perfruuntur,
1404 3127 1441 3179 ut

490 3216 612 3283 bellicae
624 3216 830 3302 tempestatis,
839 3229 871 3279 et
880 3216 979 3280 cladis
990 3218 1138 3304 publicae,
1149 3231 1315 3303 totamque
1325 3239 1442 3303 praece-

491 3317 635 3383 dentium
650 3317 806 3381 malorum
830 3318 941 3382 seriem
959 3319 1048 3403 regni
1063 3319 1160 3383 vestri
1175 3319 1310 3383 felicitas
1324 3331 1443 3405 praeter

490 3420 669 3506 opinionem
692 3420 879 3506 popularem
902 3421 1092 3502 demulceat,
1115 3420 1164 3484 vel
1185 3422 1314 3484 omniuo
1336 3420 1444 3484 absor-

491 3523 575 3587 beat.
620 3521 750 3607 Digitus
776 3523 838 3586 Dei
861 3538 909 3588 est
934 3523 996 3603 bic,
1018 3525 1074 3608 qui
1096 3524 1127 3586 in
1153 3545 1249 3586 manu
1272 3521 1365 3609 pueri
1390 3523 1441 3587 sui

491 3624 611 3690 domini
627 3625 688 3689 mei
711 3625 794 3712 regis
816 3649 913 3692 aurea
932 3626 1084 3690 reformat
1107 3626 1233 3706 saecula,
1248 3638 1280 3689 et
1299 3629 1442 3690 omnium

491 3739 619 3791 auctore
635 3725 773 3800 Domino
788 3725 1001 3791 molestiarum
1018 3749 1037 3788 a
1052 3724 1224 3789 commissis
1236 3724 1327 3788 vobis
1342 3724 1442 3789 natio·

491 3830 586 3896 nibus
601 3844 633 3895 et
648 3830 779 3917 linguis,
792 3829 991 3918 propulsavit
1006 3829 1180 3894 incursum.
1204 3829 1321 3892 Tantae
1337 3842 1443 3893 tamen

491 3933 636 3997 felicitati
656 3935 830 4019 derogatur
851 3935 883 3998 in
906 3957 984 4011 uuo,
1000 3932 1098 4019 quod,
1112 3931 1343 4017 languentibus
1362 3932 1444 3996 desi-
1479 3965 1482 3969 ·

491 4033 598 4109 deriis,
614 4032 736 4097 diutius
752 4036 956 4100 destituimur
971 4035 1127 4121 corporali
1146 4036 1315 4120 praesentia
1330 4044 1445 4114 vestra,

492 4134 548 4221 qui
572 4134 757 4217 majestatis,
783 4148 816 4199 et
840 4135 971 4201 virtutis
996 4148 1109 4200 vestrae
1135 4136 1298 4200 beneficiis
1329 4135 1445 4200 indesi-

491 4248 603 4303 nenter
626 4232 794 4300 affluimus.
852 4237 975 4302 Scimus
1005 4238 1084 4323 quid
1115 4238 1296 4324 loquamur,
1322 4241 1380 4323 qui
1409 4252 1442 4303 'et

490 4363 529 4403 ex
556 4334 753 4403 abundantia
774 4337 877 4401 cordis
901 4336 1075 4425 loquimur,
1096 4352 1128 4403 et
1150 4362 1210 4425 pro
1232 4340 1322 4423 regni
1345 4343 1443 4404 vestri

490 4440 706 4507 incolumitate
730 4452 857 4504 aetatem
881 4462 920 4504 ex
947 4456 1037 4526 parte
1060 4442 1272 4528 transegimus
1296 4442 1328 4507 in
1356 4442 1443 4507 labo-
