3875 5725
323 895 326 902 ·
422 862 529 941 lton]
803 879 981 925 nrlsuonm.
1308 863 1370 921 265
1441 949 1444 956 ἱ

418 1026 553 1092 alterum
578 1053 597 1093 a
624 1027 766 1094 Domino
789 1029 918 1114 pendet.
973 1027 1145 1102 Quomodo
1169 1037 1278 1091 autem
1304 1025 1370 1100 ille,

418 1152 492 1193 cum
517 1153 580 1214 quo
601 1130 689 1195 vobis
712 1131 874 1214 negotium
897 1131 1030 1214 geritur,
1051 1128 1170 1193 amicos
1193 1140 1226 1191 et
1246 1141 1371 1192 contra·

419 1231 531 1296 hentes
546 1256 653 1297 secum
667 1234 761 1297 beare
776 1233 989 1312 consueverit,
999 1255 1038 1296 ex
1050 1254 1114 1318 quo
1129 1231 1158 1295 ei
1174 1231 1206 1294 in
1223 1230 1370 1294 omnibus

419 1334 634 1400 voluntatibus
649 1337 723 1413 suis,
739 1336 835 1400 etiarn
857 1359 931 1400 cum
953 1335 1121 1420 dispendio
1136 1334 1231 1396 famae
1247 1345 1280 1396 et
1296 1354 1372 1396 con·

416 1436 560 1500 scientiae
575 1461 637 1502 non
654 1438 870 1523 acquiescunt,
882 1438 992 1501 multis
1009 1449 1097 1522 patet
1112 1435 1275 1520 exemplis.
1322 1435 1371 1498 Ex

419 1560 482 1625 quo
503 1539 596 1624 longe
620 1538 836 1624 periculosius,
860 1561 956 1625 quam
979 1537 1204 1602 inconsiderati
1227 1537 1371 1601 homines

419 1640 602 1724 opinentur,
627 1663 695 1704 esse
718 1640 854 1703 arbitror
882 1639 1054 1724 aliquando
1083 1640 1123 1702 ad
1151 1637 1372 1722 promissiones

420 1743 489 1827 ejus
506 1742 666 1825 jacturam
690 1742 794 1804 lacere
818 1739 1022 1804 conscientiae
1044 1751 1078 1803 et
1099 1740 1282 1810 honestatis,
1299 1760 1373 1822 quoe

420 1842 446 1906 si
473 1844 572 1908 semel
596 1844 764 1922 laedantur,
786 1842 879 1906 facile
905 1854 1070 1929 nequeunt
1085 1841 1241 1927 reparari.
1287 1840 1372 1904 Nam

420 1966 494 2031 quae
517 1946 549 2009 in
571 1947 724 2011 alterutro
747 1946 829 2009 liunt
843 1944 985 2022 vulnera,
1006 1947 1071 2009 sere
1086 1944 1217 2009 lethalia
1238 1955 1322 2021 sunt,
1340 1955 1376 2007 ut

422 2061 530 2110 tamen
546 2054 615 2132 sere
636 2048 738 2132 magis
757 2069 798 2112 ex
812 2047 998 2111 infirmitate
1021 2046 1124 2110 carnis
1146 2046 1268 2109 dictum
1291 2043 1373 2109 acci-

421 2147 536 2233 piatur,
553 2172 647 2235 quam
672 2172 711 2213 ex
729 2148 853 2234 judicio
875 2147 1014 2214 rationis.
1062 2149 1134 2212 Hac
1157 2147 1242 2211 enim
1262 2145 1373 2230 judico

422 2251 645 2335 perniciosiora
660 2265 744 2330 suut,
761 2274 858 2338 quam
878 2251 944 2329 illa,
960 2274 1033 2336 quae
1055 2250 1193 2336 corporis
1208 2264 1241 2314 et
1255 2249 1373 2314 animae

420 2374 606 2439 compagem
619 2355 755 2435 solvunt,
770 2353 907 2417 Ethuico
919 2354 1038 2416 nedum
1051 2352 1233 2416 Christiano
1242 2350 1374 2427 dicenti,

527 2459 662 2509 Summum
673 2457 750 2509 crede
761 2454 835 2508 nefas
847 2456 961 2506 animam
973 2454 1094 2526 praeferre
1106 2455 1207 2524 pudori,

524 2543 569 2606 Et,
581 2549 685 2614 propter
697 2544 786 2605 vitam,
798 2541 900 2593 vivendi
912 2541 1021 2610 perdere
1034 2559 1134 2592 causas.

419 2628 518 2693 Unde
540 2638 608 2690 tota
628 2629 745 2690 mentis
767 2627 933 2689 affectione
956 2626 1104 2710 deposco,
1125 2637 1160 2689 ut
1181 2626 1207 2689 si
1229 2627 1270 2690 de
1293 2649 1373 2710 pace

419 2750 492 2792 mea
510 2741 616 2792 actum
633 2728 738 2803 luerit,
755 2749 794 2791 ea
815 2726 1019 2811 provideatur
1040 2727 1152 2802 forma,
1167 2726 1200 2789 in
1223 2750 1286 2813 qua
1308 2750 1373 2792 non

420 2829 600 2895 offendatur
617 2834 706 2895 Deus
721 2839 754 2893 et
768 2829 924 2903 honestas,
941 2851 1038 2915 quam
1054 2850 1118 2892 non
1140 2827 1244 2893 audeo
1266 2829 1372 2895 dicere

420 2956 491 3017 ego,
515 2933 571 2997 sed
598 2933 688 2996 Deus
710 2931 788 2995 mihi
810 2931 963 2995 hactenus
985 2931 1142 3014 integram
1165 2931 1372 3007 conservavit,

419 3036 519 3100 illaesa
534 3057 661 3121 quoque
674 3034 705 3097 in
722 3044 882 3117 posterum
895 3033 1142 3117 apudhomines
1153 3045 1372 3099 conservetur:

420 3150 453 3203 et
468 3138 493 3203 si
506 3138 585 3202 sorte
598 3137 669 3201 talis
684 3135 823 3221 potuerit
834 3136 979 3212 inveniri,
992 3159 1084 3220 agam
1099 3136 1217 3220 gratias
1233 3136 1373 3200 Domino

421 3254 455 3305 et
475 3241 576 3320 vobis,
597 3254 631 3304 et
652 3240 810 3314 omnibus,
833 3239 888 3325 qui
911 3239 953 3302 ad
975 3239 1035 3302 hoc
1057 3261 1186 3325 operam
1215 3239 1373 3308 dederint.

422 3344 457 3410 Si
478 3365 555 3406 vero
576 3342 617 3406 do
638 3341 830 3430 juramentis
854 3353 961 3405 actum
985 3341 1090 3424 fuerit,
1114 3341 1201 3405 novit
1225 3341 1374 3407 dominus
1412 3382 1414 3386 >

420 3468 512 3510 meus
537 3445 712 3531 episcopus,
737 3466 833 3531 quam
860 3444 969 3507 subtili
995 3444 1174 3508 reverentia
1198 3443 1231 3507 in
1257 3444 1374 3509 talibus

421 3561 541 3614 tenear.
582 3547 747 3634 Numquid
759 3569 835 3631 ergo
845 3547 954 3632 jurare
967 3569 1091 3632 possem
1107 3547 1140 3610 in
1156 3570 1195 3612 ea
1209 3547 1375 3633 praescrip·

420 3652 507 3716 tione
522 3651 703 3731 verborum,
718 3661 774 3713 aut
793 3650 897 3734 potius
913 3650 1023 3713 salutis
1045 3649 1284 3734 proscriptione,
1300 3671 1374 3735 quae

422 3755 463 3819 ab
472 3754 542 3818 aliis
554 3768 589 3817 ut
597 3753 703 3833 audio,
714 3752 851 3836 exigitur
861 3764 894 3815 et
905 3763 1084 3835 praestatur,
1095 3752 1150 3814 ubi
1162 3772 1221 3813 nec
1231 3750 1375 3830 Domini,

423 3878 483 3920 nec
499 3855 586 3939 legis,
604 3876 663 3917 nec
678 3852 797 3917 ordinis
814 3851 955 3915 salvandi
971 3852 1048 3914 licet
1069 3850 1138 3913 fieri
1154 3848 1390 3914 mentioneml

422 3959 477 4022 sed
493 3958 581 4021 etde
597 3953 879 4020 consuetudinibus
894 3951 1046 4035 reprobis,
1063 3963 1096 4015 et
1111 3951 1233 4034 legibus
1248 3951 1373 4035 ignotis,

423 4071 479 4123 aut
494 4058 746 4145 repugnantibus
761 4055 824 4140 lagi
841 4054 986 4131 Domini,
1001 4054 1173 4128 servandis,
1186 4053 1256 4139 quis
1271 4048 1374 4121 sacra·

423 4170 567 4221 mantum
584 4171 722 4244 praestat,
740 4158 799 4223 nisi
814 4157 936 4221 alienus
951 4180 971 4221 a
985 4156 1048 4220 lide
1064 4166 1097 4219 et
1112 4155 1254 4219 omnium
1272 4179 1375 4222 sacra·

425 4268 606 4324 mentorum
629 4258 853 4347 contemptor?
882 4280 957 4322 sane
981 4256 1186 4321 temerarium
1212 4256 1317 4334 nimis,
1340 4270 1374 4322 et

423 4360 555 4426 omniuo
581 4362 787 4446 praecipitem,
813 4374 845 4427 et
875 4361 1128 4448 praecipitantem
1158 4382 1192 4424 se
1222 4360 1254 4423 in
1284 4359 1373 4422 mille

424 4462 637 4531 damnationis
651 4462 780 4553 laqueos
802 4476 994 4552 reputarem,
1010 4464 1066 4551 qui
1088 4485 1121 4528 se
1143 4462 1184 4527 ad
1205 4462 1374 4555 observan-
