3875 5725
1305 808 1312 829 a

573 854 614 912 88
826 870 962 914 ioannis
978 871 1257 916 saansaaiuuums
1429 857 1475 935 [A.
1495 879 1525 920 n.

574 1019 743 1104 praesentia
770 1009 1003 1103 Wigorniensis
1027 1021 1165 1106 episcopi
1188 1044 1220 1084 sc
1238 1024 1423 1107 juramento
1449 1028 1529 1090 obli-

575 1120 708 1202 garerit.
764 1122 973 1206 Praecipimus
995 1124 1116 1208 itaque,
1140 1136 1175 1188 ut
1201 1125 1307 1206 ipsum
1331 1128 1529 1212 compellatis

576 1222 749 1296 restituere,
779 1223 866 1308 quod
898 1224 930 1285 in
965 1225 1174 1288 aestimatione
1208 1226 1292 1289 dotis
1323 1229 1467 1312 promisit
1497 1230 1527 1292 in

576 1324 742 1406 praesentia
759 1323 878 1386 domini
893 1324 1125 1406 Wigurniensis
1141 1339 1196 1388 aut
1214 1325 1362 1411 amplius,
1372 1342 1529 1412 quantum

550 1491 552 1496 ,
576 1424 657 1487 ratio
672 1425 823 1508 exegerit,
840 1426 864 1488 si
881 1424 921 1489 ad
937 1425 998 1488 hoc
1013 1427 1082 1510 ejus
1098 1439 1275 1511 suppetunt
1290 1428 1470 1494 facultates.

852 1703 1072 1767 EPISTOLA
1098 1703 1256 1765 LXVIII.

622 1836 804 1899 Calurarrs
835 1836 922 1900 zelus
951 1836 1135 1900 accenditur
1164 1837 1195 1898 in
1227 1836 1378 1922 praelatis,
1401 1832 1530 1922 ¹quoties

577 1933 821 2019 deprehendunt
857 1937 890 1999 in
928 1937 1070 2000 moribus
1106 1937 1334 2021 subjectorum,
1367 1937 1451 1999 unde
1484 1938 1530 2000 eis

578 2039 678 2122 possit
699 2039 810 2101 salutis
832 2039 1035 2124 dispendium
1058 2039 1229 2102 imminere.
1276 2043 1344 2103 Nos
1361 2053 1466 2103 autem
1489 2062 1528 2102 ex

580 2153 705 2201 tuarum
736 2140 938 2224 conceptione
969 2139 1146 2204 litterarum
1179 2153 1210 2203 te
1240 2141 1384 2204 decorem
1416 2141 1530 2204 domus

579 2237 709 2301 Domini
722 2237 900 2301 desiderare
915 2239 1116 2314 conlidimuS,
1128 2239 1223 2325 eique
1235 2241 1323 2324 operi
1335 2240 1530 2322 diligentiam

579 2338 807 2422 praestiturum,
840 2353 875 2402 ut
905 2341 936 2402 in
966 2357 1021 2404 tua
1051 2341 1196 2405 custodia
1228 2343 1342 2405 mundi
1371 2343 1444 2416 siut,
1476 2344 1531 2426 qui

579 2439 687 2503 ferunt
703 2463 777 2503 vasa
798 2442 940 2520 Domini,
955 2456 987 2506 et
1008 2455 1046 2506 ut
1068 2443 1206 2506 Domino
1226 2444 1365 2530 puritate
1388 2458 1530 2518 actuum,

580 2554 612 2606 et
626 2564 750 2605 morum
771 2543 953 2608 innocentia
975 2560 1208 2624 consecrentur,
1222 2547 1279 2631 qui
1300 2545 1329 2608 ei
1351 2545 1468 2609 debent
1490 2569 1530 2608 ex

578 2641 723 2728 injuncto
735 2645 795 2710 sibi
805 2645 908 2709 officio
919 2647 978 2709 sibi
991 2647 1136 2711 subditos
1147 2654 1337 2712 consecrare.
1369 2649 1529 2711 Caeterum

580 2745 667 2832 quod
684 2770 702 2809 a
718 2748 808 2810 nobis
818 2747 850 2812 in
867 2749 962 2812 rebus
973 2772 1035 2812 non
1051 2748 1210 2835 ambiguis
1225 2749 1390 2813 consilium
1405 2749 1531 2833 exigere

579 2845 719 2925 voluisti,
746 2848 934 2915 humilitatis
956 2865 1032 2914 nota
1056 2865 1114 2931 est,
1139 2874 1202 2914 non
1225 2850 1412 2935 ignorantiae
1438 2874 1534 2934 argu-

580 2965 733 3016 mentum.
780 2952 944 3038 Siquidem
967 2967 1023 3016 tus
1042 2952 1192 3016 discretio
1218 2974 1278 3015 nou
1303 2950 1429 3035 ignorat
1454 2952 1531 3036 quid

581 3056 660 3117 sacri
690 3078 824 3119 canones
861 3068 1004 3120 statuant
1037 3056 1077 3117 de
1106 3055 1299 3119 continentia
1334 3055 1529 3118 clericorum.

581 3161 664 3219 Nam
686 3170 717 3220 et
738 3156 870 3221 Siricius
892 3179 977 3241 papa
1000 3156 1077 3219 alias
1099 3157 1132 3219 in
1154 3156 1249 3220 domo
1264 3156 1449 3219 clericorum
1465 3176 1532 3218 esse

578 3278 644 3318 non
667 3257 803 3341 patitur:
827 3257 886 3319 nisi
903 3279 955 3318 eas
978 3267 1101 3319 tantum
1125 3279 1207 3340 quas
1224 3271 1356 3342 propter
1378 3260 1460 3321 solas
1481 3280 1535 3320 ue-

581 3356 809 3420 cessitudinum
840 3379 952 3422 causas
981 3355 1124 3420 habitare
1150 3380 1222 3420 cum
1249 3358 1366 3420 eisdem
1392 3358 1532 3443 synodus

561 3454 714 3523 'Nicaena
736 3456 889 3544 permisit.
934 3464 1001 3523 Eas
1015 3472 1123 3523 autem
1143 3472 1208 3522 tam
1229 3482 1268 3521 ex
1292 3458 1425 3522 decretis
1441 3461 1531 3542 Sym-

583 3560 697 3640 machi,
726 3582 823 3646 quam
853 3584 892 3624 ex
927 3561 1060 3625 concilio
1091 3559 1345 3644 Carthaginensi,
1376 3558 1534 3643 variisque

584 3662 796 3728 sanctionibus
815 3667 1032 3729 Romanorum
1054 3662 1240 3748 pontificum
1263 3661 1356 3724 facile
1375 3675 1422 3725 est
1445 3660 1530 3722 colli-

583 3788 670 3851 gere,
697 3780 741 3830 ut¹
759 3766 809 3829 hae
835 3765 911 3831 solae
936 3764 1105 3828 videantur
1131 3763 1267 3842 admitti,
1289 3786 1308 3825 a
1333 3763 1452 3848 quibus
1478 3775 1534 3825 aut

584 3884 711 3942 natura,
737 3883 793 3933 aut
820 3868 996 3933 reverentia
1025 3889 1162 3944 morum,
1188 3881 1245 3931 aut
1267 3866 1399 3929 honesta
1427 3887 1533 3938 causa,

585 3968 689 4051 qualis
709 3979 757 4032 est
777 3969 945 4048 miseratio,
960 3969 992 4032 in
1014 3968 1137 4032 afflictis
1156 3982 1189 4032 et
1211 3988 1341 4051 corpore
1363 3964 1536 4028 debilitatis

585 4090 709 4130 omnem
737 4069 871 4134 sinistrae
896 4069 1053 4155 opinionis
1078 4067 1233 4132 maculam
1256 4066 1370 4129 demit:
1402 4079 1433 4128 et
1460 4066 1534 4129 licet

575 4168 731 4254 plerique
760 4191 894 4232 canones
918 4184 1061 4239 matrem,
1085 4191 1234 4244 sororem,
1258 4166 1373 4245 aviam,
1395 4166 1536 4241 amitam,

586 4283 797 4344 materteram,
815 4282 936 4353 neptes,
956 4268 1225 4354 domesticamque
1245 4268 1397 4330 familiam
1416 4281 1448 4331 et
1469 4290 1538 4353 per-

588 4396 679 4439 sonas
709 4395 789 4458 quas
817 4370 984 4433 conciliant
1015 4370 1108 4455 primi
1141 4370 1260 4453 gradus
1293 4370 1466 4445 affinitatis,
1497 4390 1534 4429 ex

589 4474 821 4541 cohabitatione
851 4471 952 4535 noluit
979 4494 1045 4534 esse
1072 4487 1242 4556 suspectas.
1291 4475 1410 4536 Beatus
1436 4484 1539 4534 tamen
