3875 5725
485 846 544 904 178
740 858 873 902 ioannis
888 853 1167 902 sanassunrsusrs
1339 838 1385 915 [A.
1401 855 1432 898 u.

484 1095 704 1159 EPISTOLA
725 1096 1220 1159 CXXVUL-anwrnnnnuunt
1232 1110 1314 1155 nris.
1326 1111 1437 1156 nonu.

848 1197 933 1268 [nn.
955 1193 1066 1272 uss]

766 1327 926 1410 &rumpo
940 1325 1153 1389 Norwa'censi.

530 1447 685 1508 Nunrtos
711 1456 835 1507 nostros
858 1466 877 1506 a
902 1441 1031 1506 domino
1056 1464 1131 1525 rege
1155 1439 1324 1503 redeuutes
1350 1462 1442 1503 sanos

488 1543 675 1632 recepimus,
698 1542 920 1630 promittentes
944 1541 977 1604 in
1007 1541 1148 1604 adventu
1174 1541 1270 1626 regis,
1295 1553 1441 1624 optatum

489 1642 697 1730 petitionibus
712 1644 827 1709 nostris
841 1643 998 1708 effectum.
1045 1644 1084 1706 In
1099 1641 1247 1707 omnibus
1261 1645 1346 1707 enim
1366 1665 1441 1706 con-

489 1745 559 1809 silio
584 1745 705 1810 domini
732 1741 958 1830 archiepiscopi
985 1742 1181 1827 adquiescet,
1203 1753 1235 1804 et
1261 1739 1385 1819 honori,
1409 1757 1441 1808 et

490 1845 625 1912 utilitati
639 1846 776 1911 ecclesiae
791 1858 860 1909 tota
876 1843 990 1908 mentis
1005 1843 1179 1907 intentione
1199 1841 1371 1908 studiosius
1392 1845 1441 1909 in-

491 1947 646 2033 vigilabit.
691 1952 809 2013 Verum
838 1945 964 2008 interim
992 1944 1171 2028 scutagium
1194 1943 1356 2009 remittere
1378 1968 1440 2010 non

490 2064 607 2134 potest,
622 2062 654 2113 et
676 2072 695 2112 a
717 2046 911 2134 quibusdam
926 2045 1146 2110 exactionibus
1167 2044 1337 2123 abstinere,
1360 2071 1441 2133 quo·

489 2152 575 2213 niam
590 2149 698 2213 fratris
720 2147 825 2233 gratia
847 2147 928 2210 male
951 2160 1038 2212 sarta
1055 2145 1268 2232 nequicquam
1284 2147 1369 2224 coiit,
1385 2151 1440 2213 sed

489 2251 531 2314 ob
555 2251 613 2313 boc
636 2248 896 2334 perniciosissime
919 2249 1014 2311 scissa
1036 2259 1095 2328 est,
1111 2247 1198 2333 quod
1220 2247 1350 2313 domino
1372 2253 1440 2337 regi

489 2346 589 2414 frater
611 2362 709 2415 totam
734 2349 951 2415 haereditatem
976 2362 1151 2435 paternam,
1172 2352 1356 2416 nominatim
1381 2366 1442 2417 ter-

490 2474 570 2529 ram,
584 2455 677 2539 cujus
692 2453 720 2516 ei
743 2452 967 2538 possessionem
985 2451 1033 2515 ris
1054 2453 1156 2537 major
1178 2451 1323 2532 abstulit,
1339 2456 1443 2521 noluit

491 2552 649 2638 abjurare,
659 2577 759 2640 quum
773 2566 878 2618 tamen
891 2553 1084 2617 munitiones
1093 2564 1124 2615 et
1135 2552 1204 2638 regi
1212 2552 1333 2631 cedere,
1343 2566 1374 2620 et
1385 2558 1443 2621 ob-

492 2652 575 2718 sides
590 2653 666 2718 dare
681 2668 813 2741 paratus
829 2664 922 2732 esset,
938 2664 975 2717 ut
991 2665 1108 2716 terram
1124 2674 1221 2736 quam
1237 2652 1321 2717 dono
1344 2659 1445 2742 patris

491 2755 657 2837 babuerat,
687 2767 898 2843 recuperaret.
955 2753 1125 2818 Profectus
1154 2776 1231 2840 ergo
1259 2754 1301 2819 ad
1336 2780 1443 2845 regem

493 2857 702 2937 Francorum,
715 2856 839 2924 comitis
852 2852 1034 2921 Theobaldi
1045 2854 1147 2920 fretus
1162 2855 1293 2937 auxilio,
1306 2859 1447 2925 Francos

493 2959 640 3027 sollicitat
652 2962 683 3025 in
699 2961 866 3049 dispendia
880 2974 999 3036 nostra,
1010 2972 1041 3023 et
1052 2958 1186 3045 jugulos
1198 2982 1307 3024 eorum
1323 2961 1444 3027 divitiis

492 3065 621 3141 nostris,
637 3064 771 3141 viribus,
792 3080 824 3127 et
849 3063 1000 3147 potestati
1025 3072 1127 3124 tentat
1151 3084 1321 3147 opponere.
1367 3066 1445 3149 Agit

492 3164 575 3230 forte
591 3176 628 3229 ut
639 3166 688 3229 vel
704 3170 747 3230 sic
761 3166 891 3231 fortuna
905 3166 1008 3251 possit
1022 3165 1155 3249 gravius
1169 3167 1351 3250 promereri,
1364 3193 1445 3255 quo-

492 3265 588 3328 modo
602 3288 708 3349 regern
732 3277 764 3329 et
786 3277 911 3349 gentem
935 3265 1144 3343 Francorum,
1159 3259 1285 3331 favente
1306 3267 1445 3353 justitia,

493 3364 547 3429 det
563 3368 596 3429 in
612 3366 758 3431 manibus
773 3368 898 3432 nostris.
943 3363 1154 3452 Implebimus
1168 3364 1201 3428 iu
1216 3389 1254 3429 eo
1268 3390 1442 3433 mensuram

493 3478 622 3551 patrum
636 3482 830 3547 nostrorum,
847 3468 872 3533 si
891 3482 996 3534 tamen
1018 3492 1129 3533 eorum
1151 3479 1234 3532 sorte
1250 3469 1444 3535 voluerimus

492 3591 558 3632 esse
582 3571 732 3635 contenti.
781 3572 843 3635 Sed
870 3571 1012 3657 profecto
1039 3572 1143 3657 majus
1169 3583 1216 3634 est
1241 3572 1328 3658 quod
1353 3574 1444 3638 nobis

492 3672 639 3737 restituto
654 3676 800 3738 Vernone
822 3673 952 3738 fortuna
975 3672 1144 3761 promittit.
1192 3673 1362 3758 Speratum
1378 3676 1441 3739 col-

492 3774 635 3861 loquium
663 3777 753 3840 nobis
776 3777 1006 3842 subtraxerunt
1031 3775 1144 3841 Franci
1168 3773 1297 3839 consilio
1319 3778 1444 3843 comitis

494 3875 684 3942 Tbeobaldi.
731 3879 888 3943 Dominus
909 3902 964 3943 rex
988 3877 1029 3942 ab
1047 3875 1231 3962 Andegavis
1244 3887 1275 3940 et
1299 3877 1443 3945 Pictavia

492 3978 617 4042 rediens
628 3977 669 4041 ad
685 4002 741 4043 nos
754 3980 946 4044 transmittet
962 3978 1018 4065 qui
1030 3999 1186 4043 summam
1198 3998 1305 4043 rerum
1322 3995 1444 4064 gerant,

494 4092 525 4139 et
542 4080 687 4144 absentes
702 4082 803 4166 ipsius
818 4079 933 4144 damna
948 4078 1113 4143 commissa
1128 4077 1187 4141 sibi
1199 4077 1284 4164 juris
1295 4082 1444 4147 adminis-

504 4180 639 4241 tratione
655 4196 868 4267 compensent.
