3875 5725
324 918 326 922 ⁴
414 889 608 969 11594-61]
793 903 971 948 arrsronn.
1315 891 1359 948 57·

407 1057 615 1122 ministerium
635 1078 739 1120 meum
755 1055 844 1139 regni
862 1053 1112 1139 gubernaculum
1128 1052 1301 1139 accepistis,
1319 1068 1356 1118 ut

408 1182 486 1234 eam,
510 1157 535 1221 si
555 1157 670 1244 placet,
694 1157 734 1220 ab
755 1157 881 1220 incursu
906 1177 1075 1239 pravorum
1103 1154 1266 1217 homiuum
1289 1167 1356 1219 tue-

407 1259 521 1326 amini:
545 1272 578 1323 et
601 1258 691 1334 mihi,
713 1257 770 1344 qui
786 1279 865 1331 eam,
894 1256 967 1319 licet
987 1255 1149 1340 indiguus,
1171 1256 1356 1340 disponente

409 1362 558 1439 Domino,
573 1363 727 1424 hactenus
749 1371 785 1423 ut
807 1359 896 1444 potui
913 1372 944 1421 et
968 1358 1054 1436 scivi,
1077 1358 1154 1433 rexi,
1172 1356 1265 1420 talem
1290 1371 1356 1422 stu-

407 1463 507 1528 deatis
522 1464 696 1548 subrogare
715 1474 886 1546 pastorem,
902 1462 958 1544 qui
980 1472 1067 1524 tanta
1083 1459 1156 1522 sede
1174 1481 1236 1522 non
1253 1459 1358 1523 videa-

408 1578 462 1630 tur
475 1565 637 1648 indignus‚
653 1563 706 1627 cui
722 1561 832 1648 religio
846 1562 979 1648 placeat,
996 1561 1052 1646 qui
1069 1562 1224 1625 virtutum
1237 1561 1358 1625 meritis

408 1667 529 1752 placere
563 1664 710 1730 credatur
742 1664 916 1728 Altissimo.
972 1662 1088 1727 Fidelis
1123 1676 1226 1726 vester
1262 1686 1356 1726 suum

330 1829 331 1833 ,
409 1767 500 1832 vobis
514 1767 678 1832 consilium
693 1765 805 1830 debet:
834 1789 904 1828 ecce
922 1787 1029 1828 coram
1051 1765 1191 1828 Domino
1210 1775 1242 1827 et
1256 1766 1358 1828 omni·

412 1869 473 1930 bus
501 1867 617 1932 sanctis
647 1867 723 1951 ejus,
754 1865 917 1929 consilium
949 1865 1000 1930 do.
1047 1865 1121 1928 Nou
1150 1865 1298 1949 quaeratis
1324 1867 1357 1929 iu

411 1970 469 2031 hac
491 1991 618 2054 requae
634 1980 737 2031 vestra
757 1979 841 2043 sunt,
863 1966 916 2029 sed
940 1986 1013 2051 quae
1036 1965 1178 2041 Domini,
1202 1967 1277 2051 quia
1298 1991 1359 2052 ego

409 2092 467 2155 pro
492 2093 530 2132 eo
552 2067 726 2156 respondeo
751 2068 849 2143 vobis,
873 2067 959 2153 quod
986 2065 1011 2130 si
1038 2089 1164 2129 causam
1190 2068 1260 2152 ejus
1282 2067 1358 2131 lide-

409 2171 481 2235 liter
510 2170 764 2255 procuraveritis,
787 2182 818 2233 et
848 2172 915 2254 ipse
941 2183 1062 2232 vestras
1090 2168 1209 2232 utiliter
1234 2191 1358 2254 promo-

407 2273 503 2337 vebit.
551 2272 628 2336 Post
652 2272 769 2336 multas
792 2271 983 2347 vexationes,
1006 2282 1134 2334 auctore
1157 2271 1306 2352 Domino,
1325 2272 1355 2336 in

409 2375 536 2438 ecclesia
557 2374 779 2438 Cantuariensi
799 2371 1040 2435 reformavimus
1055 2394 1175 2455 pacem,
1198 2372 1357 2457 religionis

407 2476 623 2560 promovimus
646 2474 780 2550 cultum,
803 2473 933 2537 idoneos
963 2496 1003 2536 ex
1033 2473 1221 2536 conscientia
1250 2488 1358 2539 nostra

408 2576 554 2642 custodes
571 2575 773 2662 praefecimus
795 2574 911 2654 ordini,
932 2588 963 2638 et
987 2597 1026 2637 ue
1041 2574 1113 2661 quis
1127 2597 1237 2639 eorum
1253 2578 1358 2663 cujus-

408 2703 503 2764 quam
527 2679 704 2743 temeritatc
731 2691 886 2753 mutetur,
910 2691 1081 2763 autequam
1104 2678 1358 2765 archiepiscopus

410 2783 609 2865 subrogetur,
621 2780 789 2868 prohibeat
801 2777 946 2865 dignatio
963 2796 1077 2860 vestra,
1087 2804 1203 2867 eosque
1213 2781 1357 2847 cohibeat

410 2885 467 2970 qui
483 2884 632 2948 scissuras
652 2896 682 2947 et
699 2907 780 2946 nova
800 2884 960 2948 molimina
976 2885 1154 2949 molientur.
1199 2887 1356 2957 Quoniam

408 2998 439 3049 et
456 3008 513 3048 nos
528 2985 587 3048 hoc
603 2985 663 3048 sub
679 2986 875 3049 anathemate
898 2985 1104 3061 inhibuimus,
1120 2998 1152 3049 et
1167 3009 1220 3049 eos
1235 3010 1359 3051 excom-

409 3086 651 3162 municavimus,
668 3086 724 3171 qui
740 3085 974 3173 dispositionem
988 3086 1107 3150 ordinis
1118 3109 1212 3172 quam
1225 3087 1358 3153 fecimus

410 3187 789 3272 immutarepraesument:
802 3204 956 3273 praeterea
966 3188 1111 3251 alumnos
1122 3202 1256 3266 nostros,
1268 3190 1358 3255 cleri·

410 3312 463 3352 cos
492 3302 523 3353 et
554 3288 659 3368 laicos,
688 3312 768 3376 quos
798 3290 897 3353 nostri
927 3302 960 3354 et
990 3312 1075 3375 saepe
1097 3292 1191 3355 vestri
1214 3292 1358 3378 obsequii

410 3390 568 3454 ministros
583 3404 704 3454 nostros
720 3391 902 3471 habuimus,
918 3405 1032 3455 vestrae
1046 3394 1273 3458 committimus
1287 3418 1359 3480 pro-

409 3491 548 3565 tectioni,
561 3504 763 3575 roganteS,ut
773 3494 897 3576 quaeeis
910 3492 1104 3556 contulimus
1116 3493 1359 3557 misericorditer

410 3591 610 3667 conservetis
632 3614 691 3656 neo
706 3614 758 3655 eos
781 3592 946 3677 patiamini
965 3592 1101 3678 alicujus
1115 3594 1357 3680 importunitate

409 3694 524 3757 vexari.
571 3692 693 3756 Audiat
708 3692 814 3756 adhuc
826 3694 989 3756 Dominus
1000 3694 1359 3758 meusclemeutissimus

409 3794 541 3858 verbum
555 3816 667 3869 unum,
680 3809 712 3857 et
723 3794 935 3879 egredientem
949 3797 1084 3857 animam
1096 3817 1196 3857 meam
1209 3795 1359 3875 laetificet,

410 3896 571 3961 residuum
589 3896 743 3959 bonorum
767 3919 907 3960 meorum
930 3896 1105 3974 mobilium,
1121 3909 1152 3958 et
1168 3918 1242 3981 quae
1258 3919 1359 3982 usque

410 3996 449 4060 ad
465 3999 587 4061 exitum
603 4019 661 4080 pro
676 3997 795 4062 incerto
810 3998 892 4073 vitae,
917 3996 1129 4060 diuturnitate
1149 3996 1359 4081 aegritudinis,

410 4099 442 4161 in
454 4122 528 4161 usus
541 4099 607 4163 visa
616 4098 742 4162 iberaut
752 4098 975 4174 conservanda,
988 4100 1067 4162 sicut
1081 4102 1170 4163 Deus
1180 4099 1357 4186 inspiravit,

411 4212 482 4284 post
498 4201 619 4264 exitum
636 4222 741 4262 meum
759 4204 895 4285 praecepi
911 4200 1108 4285 pauperibus
1123 4202 1254 4287 erogari.
1280 4203 1358 4268 Illos

410 4300 466 4386 qui
482 4302 624 4365 fraudem
638 4302 848 4377 committent,
864 4317 920 4366 aut
931 4303 997 4387 qui,
1011 4304 1180 4389 quominus
1190 4326 1248 4390 pro
1259 4305 1359 4369 salute

410 4424 491 4477 mea,
507 4417 538 4466 et
556 4415 669 4481 vestra,
684 4418 713 4466 et
731 4403 900 4467 liberorum
914 4418 1088 4467 vestrorum
1105 4418 1287 4489 erogentur,
1303 4404 1360 4467 im·

410 4503 551 4590 pedient‚
583 4505 781 4568 anathemate
806 4505 872 4588 jam
904 4505 1107 4589 promulgato
1136 4505 1357 4570 condemnans.
