3875 5725
508 876 617 950 1167]
887 890 1066 936 nnrsronm.
1397 875 1460 932 309

501 1045 562 1104 etsi
585 1066 650 1106 non
673 1043 826 1126 expediat
847 1043 1002 1124 religioni.
1048 1041 1160 1103 Timeo
1183 1061 1259 1120 ergo
1280 1060 1320 1101 ne
1343 1042 1455 1122 appel·

498 1146 625 1208 lationis
641 1145 725 1208 diem
741 1155 885 1227 oporteat
900 1143 1075 1225 expectari,
1091 1154 1124 1204 et
1147 1163 1245 1224 quum
1268 1162 1307 1203 eo
1323 1151 1452 1202 ventum

498 1245 601 1319 suerit,
628 1267 680 1323 ne,
707 1245 762 1328 qui
788 1243 926 1324 diligunt
952 1262 1094 1317 munera,
1120 1250 1295 1323 sequantur
1319 1240 1453 1302 retribu-

497 1343 617 1406 tiones:
649 1364 757 1406 vereor
779 1342 864 1405 enim
888 1342 1050 1423 angustias
1073 1341 1242 1423 temporis,
1258 1352 1291 1404 et
1317 1341 1452 1404 circum-

498 1446 630 1509 stantias
645 1457 779 1522 nostras,
794 1455 827 1508 et
841 1446 983 1507 aliorum.
1023 1443 1161 1518 Nostris,
1172 1443 1269 1504 immo
1286 1441 1406 1504 Christi
1420 1452 1453 1504 et

497 1547 643 1609 eeclesiae
665 1546 864 1622 adversariis,
887 1543 1052 1606 decretum
1073 1555 1121 1603 est
1146 1552 1182 1605 ut
1203 1563 1264 1603 nos
1286 1544 1451 1606 vulnerent

497 1656 530 1708 et
546 1645 732 1708 confodiant
747 1645 859 1728 spoliis
869 1643 997 1719 nostris,
1013 1643 1129 1726 quibus
1144 1643 1171 1704 si
1185 1642 1309 1704 interim
1324 1644 1452 1705 vexatio

496 1745 573 1809 data
593 1747 689 1810 suerit
711 1746 751 1809 ad
773 1748 982 1824 intellectum,
1004 1746 1138 1807 fortasse
1161 1744 1325 1826 proniores
1348 1753 1451 1817 erunt,

497 1858 585 1909 metu
599 1849 743 1910 laborum
758 1860 790 1910 et
805 1857 1001 1929 sumptuum,
1017 1845 1057 1908 ad
1081 1866 1196 1927 pacem
1219 1843 1450 1907 reformandam

496 1949 557 2011 sibi
583 1962 615 2012 et
639 1951 740 2013 uobis.
786 1952 869 2013 Nam
895 1950 957 2011 hoc
980 1950 1088 2031 ipsum
1113 1948 1266 2011 malitiam
1289 1969 1397 2011 eorum
1420 1963 1453 2014 et

497 2049 664 2114 audaciam
678 2053 786 2129 nutrit,
801 2051 887 2135 quod
901 2051 996 2113 nobis
1012 2051 1088 2113 solis
1111 2050 1340 2126 laborantibus,
1355 2050 1402 2112 illi
1416 2051 1452 2113 in

497 2155 660 2236 opulentia
686 2166 718 2218 et
743 2155 960 2237 voluptatibus
984 2155 1050 2216 suis
1076 2154 1232 2217 hactenus
1258 2153 1452 2238 quieverunt.

494 2255 540 2317 Et
562 2257 636 2339 quia
651 2257 823 2321 humanum
838 2257 932 2318 nobis
948 2256 1039 2318 deest
1061 2255 1231 2332 auxilium,
1246 2264 1313 2317 tota
1334 2257 1451 2318 mentis

494 2356 670 2421 intentione
694 2359 914 2439 confugiamus
937 2355 979 2420 ad
1001 2357 1188 2432 Dominum,
1213 2364 1248 2418 ut
1270 2377 1290 2419 a
1310 2379 1451 2440 praesen·

494 2458 580 2520 tibus
596 2468 628 2520 et
640 2459 881 2522 imminentibus
899 2458 993 2520 malis
1015 2457 1177 2540 expediat,
1193 2470 1225 2520 et
1246 2469 1337 2522 scuto
1353 2459 1447 2522 mise·

494 2559 624 2621 rationis
640 2580 705 2621 suae
722 2557 899 2622 circumdet
913 2580 973 2620 nos
990 2559 1102 2621 veritas
1117 2558 1195 2641 ejus.

546 2997 767 3061 EPISTOLA
791 2997 1093 3060 chxxlv.-n›
1107 3015 1398 3064 nsnrfloronnun

618 3117 841 3163 ,uxournusnn
857 3117 1055 3162 nerseonuu.
1103 3098 1187 3181 [an.
1207 3105 1316 3179 1162]

502 3277 506 3285 .
531 3231 671 3295 Domino
686 3235 922 3302 Bartlrolomeo
937 3235 1119 3298 Emonicnsc‘
1134 3237 1295 3317 Episcopo
1308 3239 1406 3302 Joan.

917 3336 1025 3399 Sares.

536 3454 661 3515 Murra
677 3452 805 3538 quidem
820 3454 991 3517 scribenda
1005 3468 1123 3531 essent,
1136 3458 1194 3521 sed
1204 3460 1353 3541 angustia
1362 3471 1441 3523 tem-

490 3551 586 3639 poris,
610 3565 643 3617 et
663 3555 913 3619 necessariarum
938 3558 1095 3620 tumultus
1116 3562 1364 3642 occupationum
1387 3584 1443 3625 cc·

491 3667 579 3739 gunt,
592 3669 627 3720 ut
635 3658 889 3740 eaperstringam
898 3658 1007 3740 potius
1016 3680 1112 3741 quam
1120 3682 1292 3743 exponam⁴
1316 3664 1440 3744 Recepi

490 3780 601 3841 nuper,
624 3771 753 3822 auctore
783 3759 936 3835 Domino,
959 3759 1087 3823 fratrem
1116 3783 1222 3823 meum
1252 3763 1442 3842 benignitati

490 3868 523 3923 et
542 3860 726 3923 liberalitati
748 3870 860 3922 vestrae
882 3861 1155 3939 congratulantem
1178 3862 1213 3923 in
1234 3863 1389 3945 plurimis,
1408 3875 1440 3928 et

489 3981 540 4023 me
569 3972 685 4044 praeter
709 3960 890 4043 plurimam,
913 3980 1009 4042 quam
1038 3960 1195 4024 habebam
1224 3962 1265 4025 ad
1294 3984 1361 4041 vos,
1384 3964 1439 4027 de·

489 4063 766 4143 votionem,longe
782 4061 974 4125 devotiorem
990 4062 1078 4139 fecit,
1092 4071 1124 4124 et
1134 4062 1236 4144 magis
1251 4065 1439 4130 obnoxium.

489 4162 530 4222 In
556 4163 658 4244 ipsius
682 4187 755 4228 vero
780 4164 920 4228 adventu
942 4164 1111 4248 cujusdam
1134 4165 1320 4228 amicissimi
1340 4170 1440 4231 nostri

488 4264 596 4343 recepi
619 4264 751 4340 litteras,
767 4265 879 4348 quides
902 4288 953 4329 me
976 4266 1078 4329 voluit
1099 4267 1299 4349 praemunire,
1315 4279 1347 4331 et
1370 4291 1436 4349 vos,

489 4363 517 4425 si
532 4363 601 4425 fieri
617 4373 736 4445 posset,
751 4386 807 4445 per
821 4388 882 4440 me,
898 4366 987 4449 quod
1001 4388 1059 4430 rex
1082 4367 1236 4451 praecepit
1257 4390 1314 4450 per
1334 4370 1355 4430 J
1357 4371 1437 4431 ocel.

487 4463 529 4527 de
547 4464 698 4541 Ballolio,
717 4474 749 4527 et
768 4466 922 4548 quosdam
943 4468 1022 4531 alios
1037 4468 1197 4533 ministros
1213 4469 1340 4551 pietatis
1361 4488 1437 4547 suar,
