3875 5725
660 853 790 898 stanna
805 850 1036 896 sersromnuru
1052 849 1136 893 roan
1150 847 1262 893 eninr.
1372 836 1436 894 843

489 997 555 1117 iffi
567 1066 613 1117 Ad
624 1066 756 1117 Thomam
768 1063 1059 1116 Cantuariensem-Ex
1072 1061 1195 1114 relatione
1310 1103 1317 1115 .
1384 998 1442 1115 Ι20ζο

490 1151 550 1204 141.
568 1152 613 1203 Ad
625 1150 846 1203 Bartholomaeum
858 1147 1137 1203 Exoniensem-Post
1148 1165 1279 1200 recessum
1315 1188 1320 1199 .
1392 1146 1443 1200 202

491 1234 549 1289 142.
568 1237 614 1288 Ad
626 1237 785 1303 Magistrum
799 1234 968 1287 Humfridum
982 1233 1112 1285 Bori-A
1125 1233 1243 1302 sapiente
1313 1269 1320 1284 .
1392 1233 1444 1285 204

490 1320 550 1373 143.
567 1319 613 1371 Ad
627 1320 769 1372 Henricum
783 1319 914 1383 Comitem
927 1316 1194 1388 Campaniae—Quod
1205 1319 1361 1387 proscriptus
1392 1315 1442 1369 205

490 1402 550 1457 144.
570 1405 615 1456 Ad
625 1405 784 1471 Magistrum
792 1403 946 1455 Gaufridum
954 1403 987 1452 de
994 1407 1083 1451 sancto
1089 1400 1348 1462 Edmundc-Qnum
1355 1401 1382 1452 in
1393 1401 1444 1452 219

491 1488 550 1543 145.
569 1490 615 1541 Ad
628 1489 848 1542 Bartholomaeum
861 1489 948 1558 Episo.
962 1484 1250 1537 Exoniensem-Licet
1261 1503 1295 1536 ex
1392 1485 1442 1537 221

492 1573 550 1627 146.
570 1576 615 1626 Ad
627 1575 755 1626 Joannem
768 1574 963 1626 Pictaviensem
976 1571 1245 1642 Episcopum-Licet
1256 1570 1325 1640 apud
1393 1569 1444 1622 230

493 1655 543 1715 147
546 1697 551 1708 .
570 1657 616 1708 Ad
629 1658 787 1724 Magistrum
800 1656 1115 1708 Raimundum-Rumor
1128 1654 1310 1705 acerbissimus
1393 1654 1445 1706 232

493 1741 551 1795 148.
570 1742 615 1794 Ad
633 1742 761 1794 loannem
781 1742 972 1794 Pictaviensem
993 1738 1257 1811 Episcopum-Patri
1273 1739 1373 1790 miseri·

669 1829 813 1880 cordiarum
863 1861 1323 1878 .....
1395 1823 1446 1876 234

494 1911 553 1965 149.
571 1914 680 1965 loannis
699 1915 832 1965 Sarraceni
851 1913 884 1963 ad
903 1912 1120 1977 Mag.Joannem
1138 1910 1171 1961 de
1192 1909 1377 1961 saresberia-

671 2001 799 2062 Quoniam
810 1998 953 2070 prudentiae
1087 2033 1095 2048 .
1202 2033 1208 2045 .
1316 2032 1323 2045 .
1396 1992 1447 2047 238

497 2083 556 2137 150.
573 2086 618 2137 Ad
630 2087 752 2138 abbatem
764 2087 792 2137 S.
804 2084 1053 2154 Edmundi-Super
1065 2089 1134 2135 statu
1202 2119 1208 2133 .
1317 2119 1323 2132 .
1395 2079 1447 2131 239

498 2168 556 2221 151.
574 2171 619 2222 Ad
631 2170 768 2223 Nicolaum
781 2171 814 2222 de
827 2171 920 2221 Monte
934 2172 961 2220 S.
975 2168 1129 2221 H.-Norit
1141 2167 1291 2220 fraternitas
1397 2165 1448 2218 240

500 2251 558 2306 152.
575 2256 620 2307 Ad
627 2257 790 2308 Willelmum
799 2263 826 2307 et
836 2255 955 2307 Odonem
963 2255 1066 2306 Priores
1073 2253 1197 2306 Ecclesiae
1208 2253 1377 2304 Cantuarien-

671 2343 895 2395 sis-Meminisse
907 2347 995 2413 potest
1090 2379 1098 2393 .
1205 2379 1211 2390 .
1317 2376 1323 2390 .
1398 2339 1448 2390 242

498 2424 557 2478 153.
575 2427 621 2476 Ad
634 2427 794 2491 Magistrum
806 2428 841 2476 R.
855 2427 1138 2477 Radonensem.-Diu
1151 2432 1192 2477 est
1321 2463 1328 2476 .
1400 2425 1449 2476 243

499 2511 558 2562 154.
577 2510 623 2560 Ad
636 2509 782 2558 Robertum
795 2509 911 2557 Priorem
924 2509 1209 2560 Mertonensem-Ubi
1219 2511 1361 2562 humanum
1400 2511 1450 2562 245

499 2596 560 2649 155.
578 2593 623 2645 Ad
636 2590 802 2643 Baldwinum
813 2591 922 2641 Archid.
936 2591 1227 2643 Exoniensem-Licet
1239 2610 1255 2643 a
1266 2593 1355 2644 multia
1403 2595 1453 2645 246

499 2678 558 2731 156.
577 2677 623 2728 Ad
636 2675 778 2727 Ricardum
789 2674 910 2726 Fratrem
920 2675 1091 2726 suum-Tibi
1103 2676 1238 2744 perpaucis
1320 2715 1326 2725 .
1401 2676 1452 2734 247

501 2761 560 2820 157.
579 2763 624 2814 Ad
637 2763 768 2828 Rogerum
781 2761 813 2813 de
826 2759 1085 2830 Sideberia-Spem,
1098 2758 1266 2811 dilectissime
1324 2798 1331 2811 .
1403 2762 1453 2814 248

502 2848 562 2902 158.
580 2849 625 2901 Ad
637 2847 777 2902 Alfredum
789 2848 821 2900 de
835 2845 1045 2899 Corda-Tanto
1057 2844 1189 2897 dilectioni
1325 2886 1331 2899 .
1404 2847 1455 2900 249

503 2936 562 2989 159.
580 2938 626 2987 Ad
639 2936 784 2987 Robertum
797 2934 895 2988 Filium
909 2933 1086 2999 AEgidiae-ll
1099 2932 1241 2998 gratiarum
1326 2971 1332 2984 .
1404 2934 1455 2986 250

503 3021 563 3075 160.
581 3023 626 3074 Ad
639 3021 714 3087 Mag.
725 3019 802 3073 Gauf.
813 3021 846 3072 de
854 3022 882 3071 S.
892 3018 1168 3081 Edmundo-Precor,
1178 3018 1391 3071 reverendissime
1404 3019 1452 3070 251

505 3107 563 3160 161.
584 3106 626 3157 Ad
639 3106 797 3172 Magistrum
810 3103 1042 3157 Nicolaum—Diu
1055 3104 1160 3171 quidem
1324 3140 1332 3154 .
1404 3104 1455 3159 253

503 3193 562 3246 162.
581 3192 626 3245 Ad
640 3191 783 3243 Henricum
796 3193 967 3242 Baiocensem
980 3189 1271 3241 Electum-Gaudeam
1281 3190 1366 3256 magis
1404 3192 1455 3242 255

504 3278 564 3330 163.
582 3277 628 3330 Ad
641 3277 786 3329 Robertum
798 3277 916 3329 Priorem
929 3276 1262 3328 Mertonensem-Gratias
1274 3294 1325 3343 ago
1406 3278 1458 3329 256

507 3364 566 3416 164.
585 3364 630 3415 Ad
648 3362 787 3414 Ricardum
805 3362 914 3413 Archid.
934 3361 1313 3413 Pictaviensem-Meminisse
1331 3380 1375 3432 po·

679 3452 732 3498 test
760 3482 1335 3499 ......
1408 3448 1458 3500 257

509 3533 567 3586 165.
586 3533 631 3584 Ad
644 3533 786 3584 Ricardum
797 3532 917 3584 Fratrem
930 3532 1070 3584 suum-Si
1082 3531 1206 3583 affectum
1331 3573 1336 3584 .
1408 3533 1460 3586 258

508 3617 566 3670 166.
585 3618 630 3669 Ad
642 3616 782 3670 Nicolaum
795 3619 827 3670 de
839 3618 1042 3685 sigillo-Erat,
1053 3623 1083 3669 ut
1095 3620 1202 3669 memini
1217 3656 1223 3667 .
1329 3655 1335 3668 .
1408 3620 1460 3670 260

507 3702 563 3760 167.
584 3702 628 3753 Ad
640 3703 786 3753 Robertum
798 3703 896 3754 Filium
908 3701 1158 3767 AEgidiae-Praeter
1171 3718 1230 3751 eam
1330 3741 1336 3754 .
1409 3703 1456 3755 261

508 3786 565 3838 168.
583 3787 628 3838 Ad
640 3786 779 3838 Ricardum
792 3786 892 3837 Pictav.
904 3785 1228 3837 Archidiaconum-Puer
1239 3803 1312 3837 meus
1331 3824 1339 3839 .
1410 3788 1460 3839 263

509 3870 568 3923 169.
586 3872 632 3922 Ad
650 3872 807 3938 Magistrum
828 3870 956 3922 loannem
979 3869 1294 3923 Sarracenum-Litterae
1312 3871 1389 3923 dilec-

682 3957 760 4009 tionis

510 4043 567 4101 170.
586 4043 631 4094 Ad
650 4043 838 4111 Engelbertum
857 4042 974 4093 Priorem
994 4041 1026 4092 de
1041 4040 1120 4094 Valle
1140 4042 1168 4093 S.
1183 4041 1390 4095 Petri-Rerum

682 4130 775 4181 subitae
1410 4132 1458 4189 271

440 4222 441 4225 ’
510 4213 569 4271 171.
588 4214 634 4265 Ad
646 4214 907 4268 eundem-Causam
920 4213 992 4266 exilii
1103 4250 1110 4263 .
1218 4249 1225 4263 .
1332 4252 1338 4265 .
1411 4219 1462 4275 272

509 4300 568 4357 172.
586 4300 629 4352 Ad
641 4300 773 4353 Abbatem
784 4303 866 4353 sancti
880 4301 1123 4353 Medardi-Causa
1137 4298 1235 4351 Christi
1328 4341 1336 4356 .
1409 4306 1460 4362 273

512 4384 571 4441 173.
590 4386 635 4438 Ad
648 4384 807 4438 Willelmum
820 4386 1015 4438 Norwiccnsem
1027 4385 1286 4458 Episcopum-Scio,
1298 4393 1372 4457 pater
1413 4391 1465 4447 274

515 4469 574 4529 174.
593 4472 638 4523 Ad
650 4471 667 4524 J
669 4489 779 4526 oannem
791 4470 981 4526 Pictaviensem
994 4471 1229 4542 Episcopum-Ad
1239 4472 1359 4524 notitiam
1414 4475 1464 4531 275
