3875 5725
415 850 613 930 llas-64]
815 865 993 909 amaruan.
1301 849 1365 908 las

459 1095 680 1159 EPISTOLA
703 1093 1017 1157 LXXXVIII.·-ao
1032 1109 1205 1155 HILARIUM
1220 1110 1327 1156 cross-

706 1211 864 1256 mansum
881 1210 1080 1256 episcorum,

457 1327 728 1389 Mamunnnrrum
755 1346 901 1388 excessus
929 1324 950 1386 ii
978 1323 1177 1410 potissimum
1208 1323 1369 1389 sufficiunt

416 1447 569 1505 coercere,
598 1425 718 1510 quibus
746 1428 859 1489 merita
892 1425 1033 1509 partium
1064 1424 1251 1490 familiarius
1280 1427 1370 1490 inno·

416 1537 554 1604 resecat,
569 1539 601 1591 et
617 1526 674 1613 qui
690 1526 868 1612 corrigendi
889 1538 1079 1612 potestatem
1095 1551 1115 1590 a
1131 1531 1271 1592 Domino
1284 1549 1371 1591 acce·

416 1643 544 1715 parunt.
589 1627 686 1693 Unde
707 1640 739 1692 et
755 1651 810 1692 vos
833 1629 1094 1704 controversiam,
1110 1651 1184 1713 quae
1204 1628 1287 1692 inter
1308 1629 1372 1692 Re·

416 1730 583 1814 giraldum
596 1740 627 1793 et
638 1732 717 1814 Pag.
729 1730 877 1808 vertitur,
886 1728 1084 1792 commodius
1095 1728 1260 1805 decidetis,
1270 1752 1370 1815 quum

417 1831 506 1918 apud
532 1854 591 1896 vos
613 1831 729 1894 veritas
751 1830 848 1894 latere
870 1852 932 1893 non
955 1830 1069 1913 possit,
1091 1842 1123 1894 et
1145 1831 1228 1894 inter
1253 1852 1306 1893 eos
1331 1853 1372 1893 ex

417 1931 599 1998 necessitate
615 1931 709 1996 officii
728 1931 813 2017 juris
828 1929 952 1996 dicendi
977 1931 1121 1995 debitum
1143 1929 1325 1996 discretioni
1340 1944 1372 1996 et

416 2034 492 2100 fidei
515 2048 629 2099 restrae
650 2033 823 2099 immineat.
869 2034 964 2111 Quod
987 2033 1069 2097 enim
1094 2032 1156 2097 fori
1179 2032 1277 2097 vestri
1300 2055 1374 2096 con·

417 2136 579 2201 troversiae
601 2136 641 2200 ad
658 2159 715 2201 nos
732 2149 871 2210 manant,
887 2148 963 2200 nota
986 2135 1132 2199 defectus
1154 2147 1210 2200 aut
1226 2134 1375 2199 dissimu-

416 2239 542 2304 lationis
557 2251 615 2320 est,
631 2260 688 2302 nec
704 2250 768 2303 tam
785 2238 986 2302 auctoritatis
1005 2253 1062 2303 aut
1082 2238 1263 2325 prudentiae
1286 2237 1374 2324 quis-

416 2365 513 2428 quam
536 2341 646 2406 credat
671 2364 737 2404 esse
760 2341 939 2406 delectum:
973 2362 1073 2426 quum
1100 2354 1275 2426 utrumque
1298 2362 1373 2404 con·

417 2445 527 2510 tulerit
543 2443 603 2510 tibi
620 2444 788 2510 Dominus.
834 2448 919 2508 Date
935 2465 1012 2528 ergo
1026 2465 1167 2528 operam,
1183 2461 1223 2505 ne
1233 2441 1375 2527 justitiae

417 2544 587 2631 implendae
606 2545 752 2609 voluntas
771 2544 884 2608 merito
906 2542 1014 2606 deesse
1031 2542 1189 2607 videatur.
1234 2541 1373 2616 Quodsi

418 2646 635 2726 dissimulatis,
666 2668 757 2730 aeque
788 2657 894 2708 vestro
923 2642 1070 2707 insistitis
1106 2657 1280 2729 nostroque
1309 2643 1373 2707 dis·

418 2747 545 2833 pendio,
559 2770 659 2832 quum
677 2760 708 2810 et
725 2747 815 2810 nobis
831 2747 1104 2821 labor'accrescat‚
1119 2757 1151 2808 et
1167 2745 1268 2818 nobie,
1284 2746 1373 2830 quod

418 2872 481 2914 non
498 2847 639 2933 expedit,
653 2858 816 2933 conceptae
831 2844 958 2909 virtutis
973 2845 1083 2930 opinio
1098 2845 1270 2909 minuatur.
1307 2849 1373 2910 Vo-

420 2951 470 3015 bis
485 2950 569 3014 enim
584 2950 750 3025 debemus,
767 2960 804 3012 ut
826 2970 898 3010 cum
922 2946 1024 3009 amico
1042 2946 1175 3009 liberius
1189 2945 1372 3031 loquamur,

420 3053 507 3139 quod
524 3075 582 3115 nos
601 3049 782 3115 Edwartlus
797 3064 828 3114 et
844 3049 956 3114 Helias
978 3047 1101 3112 diutius
1116 3061 1325 3127 vexaverunt,
1340 3062 1373 3116 et

421 3168 458 3220 ut
484 3154 591 3219 verbis
618 3152 732 3217 vestris
757 3151 848 3216 vobis
869 3150 1090 3237 respondeam,
1113 3149 1200 3237 quod
1227 3151 1306 3215 mihi
1332 3152 1373 3217 de

419 3254 562 3339 praefatis
584 3251 833 3339 praescripsistis,
848 3252 889 3315 de
909 3255 949 3316 R.
973 3264 1004 3316 et
1028 3254 1063 3317 P.
1081 3250 1230 3331 rescribo,
1244 3273 1373 3338 respon-

418 3355 493 3419 deat
509 3354 627 3420 scilicet
649 3354 779 3441 utrique
797 3354 925 3442 justitia
947 3376 1015 3418 sua.
1061 3351 1156 3430 Quod
1179 3354 1205 3417 si
1227 3352 1319 3419 aliter
1338 3355 1373 3418 in

417 3458 587 3523 manifesto
613 3456 744 3522 crimine
771 3457 995 3523 inobedientiae
1017 3457 1068 3520 vel
1090 3457 1221 3521 alterins
1247 3456 1372 3521 sceleris

417 3560 687 3647 deprehendatur,
707 3582 803 3647 poeua
827 3559 996 3624 manifesta
1017 3558 1181 3646 puniatur,
1205 3571 1241 3624 ut
1265 3559 1372 3625 caeteri

416 3676 536 3726 metum
558 3662 709 3743 habeant,
732 3674 764 3727 et
787 3663 937 3739 recolant,
960 3683 1059 3746 quare
1075 3662 1166 3745 vigor
1181 3661 1373 3746 judiciarius

418 3766 459 3828 sit
489 3765 523 3828 io
550 3764 657 3827 medio
686 3763 890 3828 constitutus
949 3762 1050 3828 Novit
1080 3763 1175 3826 etiam
1201 3761 1373 3847 prudentia

417 3878 522 3930 vestra
536 3865 684 3952 quaedam
702 3877 792 3929 tanta
807 3886 914 3927 rerum
933 3864 1006 3926 luce
1021 3864 1203 3938 clarescere,
1220 3874 1256 3926 ut
1272 3864 1374 3926 venti-

418 3965 534 4032 latione
549 3990 611 4032 non
628 3978 753 4052 egeant,
770 3965 822 4029 sed
839 3987 935 4050 poena
951 3964 1122 4029 dumtaxat
1137 3976 1194 4028 aut
1210 3964 1350 4050 praemio.

444 4231 665 4329 EPISssOLA
688 4188 962 4298 LXXXIX.ss-an
977 4252 1210 4298 aanxaunaun
1226 4253 1346 4297 amau.

461 4368 695 4429 Assnnrlonns
707 4367 847 4452 partium
859 4367 945 4431 fideli
957 4367 1111 4432 debemus
1122 4368 1273 4452 prosequi
1284 4367 1372 4429 testi·

419 4464 536 4543 monio,
562 4487 663 4549 quum
691 4488 794 4531 causae
818 4467 998 4531 recedentes
1022 4491 1040 4530 a
1065 4466 1155 4530 nobis
1180 4465 1221 4528 ad
1247 4476 1373 4549 aposto-
