3875 5725
579 843 640 904 156
836 854 972 901 ronxurs
988 853 1267 901 sanusnumsusrs
1437 838 1480 918 [a.
1500 860 1529 902 o.

574 1009 691 1072 crimen
713 1005 884 1070 invitasse?
913 1005 1070 1092 Praecepit
1093 1006 1168 1070 item
1193 1019 1229 1071 ut
1252 1030 1310 1093 pro
1333 1007 1531 1093 beneplacito

573 1109 797 1172 monachorum
814 1105 854 1169 ad
878 1106 1017 1170 tribunal
1034 1107 1214 1170 Londonias
1236 1107 1421 1192 litigaturus
1442 1131 1529 1172 acce-

574 1209 692 1275 derem.
731 1207 815 1287 Quid
834 1208 955 1272 multa?
983 1232 1043 1293 ego
1063 1231 1120 1272 nec
1142 1209 1173 1271 in
1197 1209 1338 1286 minimo,
1355 1211 1410 1295 qui
1434 1222 1481 1274 tot
1498 1224 1530 1273 et

572 1325 677 1377 tantos
702 1312 818 1374 amicos
845 1313 877 1372 in
904 1309 1034 1374 eeclesia
1059 1312 1204 1374 Romana
1230 1310 1351 1374 habeo:
1384 1312 1529 1374 monachi

572 1412 618 1477 illi
634 1426 708 1477 sunt
724 1413 756 1475 iu
772 1410 920 1474 omnibus
934 1410 1089 1476 exauditi.
1123 1411 1249 1476 Haecin
1266 1412 1397 1475 auribus
1415 1417 1529 1477 vestris

571 1514 664 1579 corde
685 1524 718 1577 et
737 1537 791 1576 ore
814 1527 927 1576 moesto
946 1512 1082 1596 depono,
1100 1526 1134 1577 ut
1154 1512 1349 1598 quandoque
1371 1513 1528 1577 similibus

571 1617 701 1681 obviare
714 1614 877 1679 studeatis.
905 1615 956 1676 De
965 1627 1082 1679 caetero
1094 1615 1303 1679 creditoribus
1315 1616 1425 1679 restris
1436 1617 1528 1679 satis-

570 1719 716 1799 fecimus,
732 1715 812 1780 nibil
826 1716 1015 1802 accipientes
1030 1716 1070 1780 de
1085 1717 1219 1803 pecunia
1235 1721 1333 1782 sancti
1351 1718 1483 1782 Bertini.

643 2027 865 2092 EPISTOLA
888 2027 964 2090 CVI
968 2048 1065 2090 .—ao
1080 2047 1312 2093 nnumnunuu
1328 2049 1448 2094 Paean.

812 2180 952 2241 Domino
967 2181 1068 2262 Papa
1084 2179 1278 2243 Alaaandro.

611 2327 790 2407 NOSTRUM,
805 2339 838 2390 et
860 2326 1011 2405 ecclesiae,
1028 2351 1100 2413 quoe
1121 2327 1207 2414 apud
1229 2351 1287 2394 nos
1309 2343 1369 2404 est,
1393 2344 1524 2410 statum,

568 2428 658 2492 vobis
677 2451 734 2514 per
752 2429 965 2493 Herebertum
983 2443 1122 2493 vestrum
1146 2429 1248 2494 missis
1268 2431 1379 2496 litteris
1401 2434 1523 2519 signifi·

566 2531 718 2608 cavimus,
731 2542 762 2594 at
778 2529 831 2592 ille
843 2542 899 2594 aut
914 2553 972 2616 per
985 2530 1136 2594 malitiam
1149 2530 1302 2617 prodidit,
1312 2548 1368 2598 aut
1380 2535 1522 2620 perdidit

566 2656 623 2719 per
645 2632 882 2717 negligentiam,
905 2645 962 2697 aut
986 2656 1038 2696 eas
1060 2633 1188 2698 amissas
1211 2658 1277 2699 esse
1299 2635 1521 2702 fraudulenter

566 2735 738 2799 simulavit.
774 2737 880 2813 Quum
897 2735 978 2799 enim
995 2735 1144 2801 dimissus
1158 2760 1177 2801 a
1192 2739 1283 2802 vobis
1298 2739 1385 2823 apud
1402 2740 1522 2803 cancel-

565 2836 679 2902 larium
695 2836 779 2920 regis
792 2836 974 2922 Anglorum
990 2860 1047 2924 per
1060 2862 1195 2903 mensem
1213 2852 1244 2905 et
1260 2841 1399 2927 amplius
1414 2853 1522 2907 contra

564 2938 808 3025 prohibitionem
820 2952 956 3004 vestram
967 2953 1176 3026 expectasset,
1188 2942 1316 3005 remisso
1325 2944 1357 3005 in
1372 2944 1519 3029 Angliam

564 3042 678 3105 nuntio
690 3063 746 3104 nos
757 3063 815 3126 per
826 3040 948 3104 litteras
961 3042 1124 3105 memorati
1137 3043 1314 3107 cancellarii
1327 3044 1519 3124 sollicitavit,

564 3156 600 3207 ut
632 3143 660 3206 ei
689 3144 810 3207 litteras
836 3142 995 3226 prioribus
1025 3143 1152 3222 similes,
1178 3167 1258 3231 quas
1288 3146 1349 3210 sibi
1379 3147 1522 3212 sublatas

562 3244 767 3330 querebatur,
785 3243 1017 3307 remitteremus
1035 3245 1077 3308 ad
1099 3267 1157 3309 vos
1177 3246 1303 3311 fidelius
1323 3247 1519 3313 deferendas.

563 3345 648 3419 Quia
662 3341 761 3429 igitur
782 3366 895 3428 parum
918 3343 1022 3406 fidelis
1042 3345 1202 3431 inprimis
1223 3347 1343 3422 extitit,
1360 3350 1518 3412 malumus

561 3449 724 3533 proprium
738 3448 886 3509 nuntium
899 3444 1069 3522 destinare,
1082 3469 1178 3530 quam
1192 3448 1331 3511 secundo
1346 3450 1449 3533 decipi
1461 3471 1518 3534 per

561 3547 709 3612 alienum.
737 3549 802 3610 Vos
813 3546 962 3609 nuntium
975 3560 1110 3609 restrum
1123 3570 1183 3632 pro
1199 3547 1396 3632 beneplacito
1413 3565 1517 3615 vestro

559 3647 762 3723 convenietis,
781 3660 824 3727 et,
846 3647 870 3711 si
894 3649 1009 3734 placet,
1030 3670 1114 3728 eum,
1136 3666 1172 3714 ut
1194 3648 1321 3713 cautius
1336 3661 1369 3713 et
1384 3649 1514 3715 fidelius

560 3752 687 3837 negotia
702 3763 806 3816 vestra
821 3764 1012 3837 exequatur,
1027 3750 1184 3817 instruite.

603 3860 654 3921 De
676 3868 791 3922 caetero
817 3855 962 3920 monachi
991 3855 1092 3919 sancti
1116 3855 1291 3941 Augustini
1315 3854 1460 3919 ecclesias
1482 3856 1514 3919 in

560 3959 667 4024 fundis
688 3981 796 4023 eorum
821 3959 897 4022 sitas
919 3958 1012 4022 nobis
1028 3957 1214 4023 subtrahere
1235 3958 1468 4036 machinantur,
1483 3970 1514 4021 et

558 4060 636 4146 quia
650 4059 682 4121 in
703 4059 804 4121 oculis
826 4058 965 4123 ecclesiae
981 4062 1135 4123 Romanae
1157 4056 1291 4143 gratiam
1313 4059 1513 4132 invenerunt,

558 4165 585 4226 si
607 4159 686 4244 quid
711 4158 822 4223 salutis
845 4158 947 4233 nobis,
969 4173 1023 4224 aut
1047 4160 1186 4223 ecclesiae
1208 4174 1325 4225 nostrae
1346 4161 1515 4227 decernitis

558 4260 812 4346 relinquendum,
841 4282 950 4345 preces
980 4284 1088 4325 eorum
1121 4262 1253 4328 ulterius
1283 4265 1314 4328 in
1346 4264 1514 4351 dispendia

557 4376 664 4430 nostra
690 4383 751 4424 non
781 4362 964 4428 admittatis.
1012 4365 1171 4429 Praeterea
1198 4367 1349 4432 noveritis
1375 4368 1511 4431 liberum

557 4493 623 4533 esse
640 4464 788 4532 omnibus
811 4463 980 4551 appellare.
1025 4467 1118 4543 Quod
1141 4491 1180 4533 ex
1204 4492 1241 4533 eo
1257 4468 1349 4534 vobis
1369 4488 1512 4536 constare
