3875 5725
428 861 626 940 nott-64]
733 909 738 919 .
809 880 988 925 nrrsrona.
1312 869 1377 928 139

426 1026 467 1092 R.
483 1051 613 1114 quoque
629 1029 669 1093 de
687 1029 796 1093 Passu.
813 1052 964 1115 generum
982 1031 1193 1095 archidiaconi
1210 1030 1250 1094 ad
1268 1031 1374 1112 sedern

424 1130 629 1214 apostolicam
650 1132 958 1197 excommunicatum
980 1133 1213 1209 transmittatis,
1229 1157 1266 1195 eo
1285 1133 1374 1217 quod

422 1232 575 1296 instinctu
605 1233 723 1297 diaboli
740 1233 977 1319 „presbyterum
1013 1234 1182 1299 interfecit.
1242 1232 1375 1297 Noverit

423 1344 531 1397 autem
553 1333 793 1397 archidiaconus
808 1333 887 1418 quid
911 1356 984 1397 eum
1000 1348 1225 1419 consequatur,
1248 1333 1273 1396 si
1294 1355 1374 1417 prae-

424 1433 511 1499 dicto
527 1435 680 1520 sacrilego
695 1434 928 1499 communicare
942 1458 1038 1501 ausus
1052 1448 1111 1515 est,
1122 1435 1198 1498 dum
1214 1459 1234 1498 a
1249 1433 1376 1520 partici-

422 1536 550 1619 patione
572 1535 640 1620 ejus
663 1534 825 1600 ecclesiam
845 1535 995 1599 abstinet.
1043 1535 1251 1622 Praecipimus
1272 1547 1307 1598 ut
1328 1557 1377 1598 ec-

426 1635 552 1700 clesiam
581 1636 621 1698 de
641 1636 761 1719 Ringet
788 1658 861 1700 cunr
885 1636 1062 1701 ablatorum
1087 1638 1271 1721 integritate
1296 1659 1377 1721 prae-

425 1736 586 1800 nominato
609 1736 782 1819 R[icardo]
810 1736 935 1800 restitui
957 1738 1091 1800 faciatis.
1142 1736 1235 1814 Quod
1252 1738 1277 1800 si
1293 1736 1379 1801 Rad.

426 1849 596 1900 extraneus
626 1836 742 1900 nostris
771 1850 803 1899 et
835 1836 946 1900 vestris
971 1836 1128 1901 mandatis
1151 1836 1280 1912 obedire
1305 1861 1378 1901 con-

426 1939 601 2023 tempserit,
617 1939 648 2002 in
665 1962 736 2002 eum
754 1936 954 2003 severitatem
971 1938 1187 2003 ecclesiasticae
1202 1937 1377 2024 disciplinae

421 2062 567 2104 exercere
579 2063 639 2104 non
653 2039 817 2104 differatis.
862 2039 896 2105 Si
909 2053 1017 2104 autem
1032 2040 1184 2103 adversus
1200 2039 1373 2105 Ricardum

421 2142 544 2228 aliquid
567 2143 649 2228 juris
673 2143 732 2207 sibi
755 2155 934 2227 competere
958 2141 1140 2216 crediderit,
1162 2141 1244 2206 illud
1271 2141 1375 2204 media

420 2248 583 2330 aequitate,
599 2245 654 2308 ubi
671 2246 796 2331 justum
813 2244 922 2318 fuerit,
938 2244 1142 2330 postmodum
1158 2243 1276 2329 poterit
1292 2243 1374 2308 obti-

419 2366 504 2408 nere.

429 2653 666 2717 EPISTOLA
692 2653 922 2715 xalta-an
938 2671 1138 2716 naorsrauu
1154 2671 1363 2717 cinnamon.

419 2804 530 2865 Amico
558 2811 591 2866 et
620 2811 757 2884 copnato
785 2824 842 2865 suo
872 2804 1026 2882 maqistro
1059 2804 1098 2864 G.
1124 2822 1202 2864 suus
1230 2803 1373 2866 Jourznes

562 2905 639 2968 Sar.
656 2906 806 2980 salutem,
820 2912 851 2965 et
867 2905 978 2986 siquid
992 2924 1031 2964 eu
1039 2904 1231 2985 jucundius.

463 3055 571 3131 Quum
600 3074 695 3137 saepe,
721 3050 824 3115 rarius
850 3063 953 3115 tamen
977 3072 1074 3137 quam
1099 3047 1223 3127 vellem,
1249 3048 1372 3113 litteras

421 3167 540 3219 vestras
565 3154 747 3241 receperim,
778 3152 939 3216 nullarum
966 3151 1088 3237 gratior
1112 3150 1175 3215 fuit
1204 3150 1373 3233 adventus,

420 3280 518 3344 quarn
543 3256 668 3329 illarum
693 3279 767 3342 quae
789 3255 868 3319 mihi
893 3255 952 3319 sub
976 3254 1158 3318 domesticae
1183 3252 1373 3339 eruditionis

418 3358 609 3424 auctoritate
625 3357 842 3426 necessitatem
857 3355 999 3420 veritatis
1009 3354 1204 3419 indixerunt.
1236 3354 1371 3420 Gaudeo

418 3484 556 3547 namque
579 3460 667 3545 quod
687 3459 727 3523 de
748 3459 897 3524 thesauro
920 3457 1059 3549 scientiae
1074 3470 1187 3522 vestrae
1201 3479 1286 3521 nunc
1302 3470 1370 3521 tan-

419 3563 490 3627 dem
515 3563 685 3649 probitatis
707 3561 900 3649 exemplum,
924 3561 1012 3647 quod
1035 3560 1125 3624 vobis
1149 3560 1369 3637 reservabatis,

417 3680 449 3731 et
474 3666 552 3729 mihi
575 3666 841 3729 communicatum
867 3677 924 3728 est.
972 3666 1088 3727 Potero
1110 3662 1240 3748 quidem
1261 3662 1312 3725 his
1337 3675 1369 3727 et

416 3766 571 3830 similibus
593 3765 726 3828 animari
753 3764 793 3827 ad
818 3763 924 3842 fortia,
946 3776 979 3826 et
1001 3762 1141 3826 Domino
1163 3760 1369 3845 provehente,

417 3867 456 3931 ad
484 3869 598 3932 altiora
627 3866 848 3941 conscendere,
878 3865 904 3927 si
934 3863 1010 3926 mihi
1040 3862 1273 3947 propitiationis
1302 3885 1369 3925 suae

417 3992 544 4033 manum
575 3973 766 4055 porrexerit,
796 3967 852 4053 qui
882 3966 1010 4030 illorum
1037 3965 1205 4028 dumtaxat
1234 3986 1368 4049 operum

417 4071 511 4133 finem
534 4070 684 4146 illustrat,
701 4091 835 4155 quorum
860 4090 893 4131 sc
916 4065 1059 4130 meminit
1079 4087 1145 4127 esse
1167 4063 1368 4149 principium.

417 4174 463 4234 Et
495 4172 567 4235 licet
596 4172 682 4235 illius
712 4169 821 4243 nostri,
850 4167 998 4255 quisquis
1023 4166 1133 4240 fuerit,
1156 4164 1197 4227 sit
1221 4165 1369 4251 jucunda

417 4273 578 4345 memoria,
593 4287 624 4335 et
647 4271 801 4336 sententia
824 4269 997 4357 probabilis
1014 4269 1170 4343 videatur,
1186 4282 1233 4330 est
1250 4281 1367 4343 tamen,

419 4388 456 4438 ut
479 4373 626 4447 arbitror,
651 4373 735 4435 unde
759 4374 885 4436 moerori
910 4396 968 4436 suo
990 4375 1107 4456 poterit
1122 4370 1194 4455 quis
1216 4369 1367 4431 exhibere

417 4474 576 4540 solatium.
624 4475 778 4557 Magnum
806 4473 952 4558 equidem
977 4486 1023 4535 cst
1048 4472 1205 4533 honorum
1228 4467 1367 4531 fascibus
