3875 5725
416 844 612 924 llos-64]
812 862 989 907 srrsrocm.

494 1133 726 1198 EPISTOLA
754 1133 942 1197 CIII.—no
958 1153 988 1197 a.
1005 1153 1273 1198 canonicatuum.

747 1285 789 1347 R.
807 1280 1014 1346 cancellario.

450 1405 600 1468 Gnarus
628 1413 764 1487 quantas
793 1425 932 1489 possum,
963 1404 1039 1489 quia
1075 1417 1211 1490 quantas
1244 1406 1355 1485 debeo,

406 1503 538 1568 reddere
564 1527 625 1567 non
653 1504 783 1583 sufficio,
810 1506 911 1568 refero
938 1506 1122 1590 paternitati
1150 1521 1271 1585 vestrae,
1298 1532 1356 1595 pro

407 1604 524 1669 honore
539 1618 570 1669 et
588 1605 748 1669 beneficiis
768 1606 846 1669 mihi
866 1619 898 1670 et
918 1609 995 1670 meis
1014 1629 1034 1669 a
1057 1607 1145 1670 vobis
1160 1631 1284 1694 semper
1299 1633 1353 1674 ex·

406 1705 526 1781 hibitis,
542 1721 574 1770 et
591 1706 725 1769 maxime
741 1706 882 1790 eoquod
898 1706 984 1770 solus
998 1711 1081 1771 inter
1096 1707 1223 1788 multos,
1238 1710 1357 1794 quibus

404 1806 533 1870 devotio
554 1830 624 1871 mea
646 1805 841 1892 qrrandoque
863 1807 1015 1882 innotuit,
1040 1831 1088 1870 me
1111 1808 1226 1873 litteris
1245 1813 1356 1876 vestris

406 1908 438 1970 in
465 1931 559 1971 manu
586 1907 770 1972 nuntiorum
797 1930 951 1987 meorum,
975 1908 1119 1974 adhibita
1143 1910 1355 1975 consolatione

405 2008 539 2072 curastis
553 2009 718 2073 instruere.
760 2008 870 2071 Vestro
881 2008 990 2094 itaque
1001 2009 1131 2073 consilio
1142 2010 1357 2096 adquiescens,

405 2111 584 2176 convocatis
613 2111 662 2188 iis,
693 2131 774 2195 quos
807 2111 961 2195 oportuit,
991 2111 1024 2173 in
1055 2113 1162 2191 verbo,
1191 2113 1275 2179 sicut
1305 2138 1355 2180 me

404 2212 566 2288 docuistis,
592 2212 740 2299 processi,
767 2235 785 2276 a
811 2211 968 2276 mandatis
994 2213 1183 2301 apostolicis,
1209 2238 1266 2280 nec
1296 2240 1355 2303 pro

405 2316 571 2402 temporali
602 2316 668 2380 vita
691 2329 723 2380 et
756 2315 788 2377 in
829 2314 958 2377 minimo
995 2324 1185 2382 recessurus.
1242 2318 1357 2385 Videat

403 2418 532 2481 ecclesia
547 2421 690 2482 Romana
705 2417 785 2503 quid
802 2416 961 2503 praecipue
980 2416 1067 2497 velit,
1082 2432 1137 2482 aut
1161 2418 1240 2505 quid
1260 2442 1355 2507 expe-

403 2522 482 2602 diat,
503 2546 562 2608 pro
584 2523 664 2604 ipsa,
688 2521 713 2584 si
739 2545 862 2585 necesse
888 2533 948 2597 est,
971 2535 1104 2606 paratus
1130 2545 1213 2596 sum,
1236 2536 1268 2587 et
1289 2546 1355 2587 car-

403 2646 515 2702 cerem,
530 2638 561 2688 et
576 2625 608 2688 in
624 2637 758 2688 mortem
774 2623 836 2687 ire:
861 2622 1008 2707 quisquis
1023 2622 1054 2685 in
1069 2623 1207 2687 ecclesiae
1221 2625 1354 2692 auribus

405 2724 557 2788 Romame
580 2725 619 2788 de
643 2747 692 2787 me
717 2725 804 2788 alind
832 2723 921 2798 dicit,
944 2723 985 2786 de
1010 2746 1069 2787 suo
1094 2723 1250 2809 loquitur,
1277 2727 1354 2811 quia

403 2825 599 2891 mendacium
622 2825 775 2910 loquitur.
822 2823 989 2889 Exhibitio
1015 2825 1257 2910 praeteritorum,
1282 2849 1353 2914 pro-

404 2929 490 2994 batio
515 2930 699 2993 futurorum
722 2940 779 2991 est.
824 2930 882 2991 Me
902 2927 969 3010 jam
993 2926 1088 2990 tertio
1112 2948 1170 3011 pro
1196 2927 1354 2992 mandatis

402 3030 583 3117 apostolicis
597 3028 756 3117 periculis,
773 3030 871 3093 immo
890 3040 922 3092 et
941 3028 1038 3090 morti
1060 3026 1205 3111 exposui.
1252 3027 1354 3091 Num·

403 3135 483 3220 quid
497 3134 530 3198 in
546 3132 608 3196 fine
624 3132 683 3196 viae
698 3145 730 3197 et
746 3136 818 3197 vitae
839 3152 932 3194 senex
955 3141 1108 3192 aeternum
1129 3128 1215 3214 longi
1237 3127 1355 3195 laboris

402 3250 434 3301 et
440 3237 530 3323 jugis
541 3235 730 3300 obedientiae
741 3233 907 3321 praemium
921 3255 979 3317 pro
991 3252 1193 3317 quacumque
1205 3231 1354 3318 temporis

402 3337 507 3401 fallaci
521 3335 725 3423 promissione
734 3334 936 3400 immutabo?
960 3337 1043 3398 Ante
1056 3331 1133 3395 mihi
1144 3346 1253 3417 pereat
1265 3346 1354 3399 totus

404 3439 555 3513 muudus,
575 3461 671 3524 quam
688 3458 746 3520 ego
762 3459 820 3522 pro
835 3437 905 3522 ipso
927 3457 1051 3521 peream
1068 3432 1140 3497 Deo
1154 3456 1232 3500 meo.
1273 3436 1355 3500 Haec

401 3540 473 3603 ideo
488 3538 565 3626 quia
579 3537 733 3623 quosdam
749 3536 949 3601 dominorum
971 3557 1112 3598 meorum
1132 3535 1352 3601 Cardinalium

399 3641 492 3706 aliter
507 3664 603 3726 quam
620 3639 697 3704 milri
712 3652 744 3703 et
759 3639 897 3702 ecclesiae
912 3661 991 3701 meae
1006 3636 1166 3723 expediat,
1182 3650 1239 3702 aut
1255 3660 1353 3724 quam

401 3766 460 3826 ego
475 3742 515 3806 de
530 3740 721 3806 conscientia
736 3762 807 3803 mea
821 3738 1001 3814 meruerim,
1016 3736 1048 3799 in
1064 3759 1114 3799 me
1133 3737 1231 3801 audio
1251 3736 1353 3802 anim-

401 3845 566 3909 adversos:
606 3842 725 3929 quibus
744 3842 769 3905 si
784 3841 917 3926 deliqui,
938 3839 1026 3925 quod
1042 3850 1146 3903 tamen
1161 3862 1223 3901 non
1238 3840 1354 3922 recolo,

400 3959 550 4031 tanquam
580 3944 716 4008 dominis
742 3956 774 4007 et
800 3941 945 4029 patribus
971 3940 1081 4005 debita
1106 3939 1288 4005 humilitate
1314 3942 1351 4005 li·

400 4046 581 4110 bentissime
602 4045 802 4111 satisfaciam.
850 4044 882 4107 Si
904 4066 966 4106 non
989 4041 1123 4126 deliqui,
1142 4042 1273 4107 obsecro
1294 4067 1350 4131 per

401 4147 642 4211 misericordiam
670 4147 800 4214 Domini
827 4162 857 4211 et
874 4146 1001 4230 justum
1023 4143 1185 4232 judicium
1207 4145 1289 4231 ejus,
1313 4163 1349 4212 ut

399 4262 565 4313 amoveant
576 4266 735 4334 conceptae
746 4248 970 4333 indignationis
985 4247 1119 4322 aculeos,
1132 4260 1163 4312 et
1178 4262 1350 4334 antequam

399 4350 475 4418 milri
493 4351 572 4414 bene
586 4353 776 4437 promerenti
792 4352 906 4416 amodo
922 4353 1090 4417 restituant
1112 4351 1259 4436 gratiam.
1304 4354 1349 4416 Et

397 4452 473 4539 quia
489 4452 595 4516 nuncii
610 4456 671 4516 mei
687 4477 705 4516 a
721 4454 911 4538 quibusdam
926 4454 1030 4518 minus
1044 4453 1122 4517 bene
1138 4453 1349 4537 recipiuntur,
