3875 5725
407 829 601 908 tlte-64]
789 845 968 890 amsronn.
1292 832 1354 892 141ι

405 1020 480 1061 vero
501 997 638 1060 maxime
663 1019 745 1059 verae
768 995 914 1060 amicitiae
935 996 1030 1060 fidem
1055 1018 1234 1082 agnoscam,
1256 998 1282 1062 si
1305 1017 1355 1060 me

407 1099 451 1162 sic
471 1099 549 1162 milti
564 1098 778 1174 reddideritis,
801 1110 836 1161 ut
852 1097 941 1163 viciis
961 1120 1023 1161 non
1040 1113 1200 1184 parcatur,
1215 1114 1247 1165 et
1264 1113 1299 1164 ut
1316 1099 1356 1163 de

406 1214 520 1265 caetero
546 1213 699 1264 necentur
722 1199 848 1264 cautius
872 1201 1022 1265 statuatis
1048 1225 1085 1264 ea
1110 1217 1219 1266 contra
1244 1203 1356 1267 faciem

404 1324 518 1379 meam,
539 1327 579 1366 ne
600 1303 633 1366 in
655 1325 692 1365 eo
712 1301 853 1366 deterius
873 1325 997 1389 semper
1014 1302 1084 1367 aliis
1108 1303 1302 1390 displiceam,
1323 1303 1356 1367 in

403 1424 467 1489 quo
482 1405 559 1469 mihi
575 1427 705 1490 quoque
721 1427 783 1469 non
799 1427 918 1468 novero
933 1404 1109 1491 displicere.

425 1644 647 1707 EPISTOLA
669 1644 860 1707 xcv-m
874 1663 1063 1707 JOSELINUM
1078 1662 1180 1706 uetsc.
1197 1662 1330 1706 sanusn.

590 1777 752 1838 ‹loscelino
767 1778 909 1858 episcopo
924 1776 1170 1840 saresberiensi.

450 1903 608 1966 anrnas
641 1901 830 1988 Hospitalis,
861 1923 944 1964 novo
977 1900 1116 1986 quodam
1147 1914 1178 1965 et
1211 1901 1358 1968 inaudito

408 2003 617 2068 humanitatis
641 2003 746 2081 titulo,
768 2017 804 2068 ut
827 2003 969 2090 privatas
990 2002 1109 2067 faciant
1131 2002 1355 2088 eleemosynas,

405 2106 580 2170 calumnias
591 2107 742 2193 ingerunt
755 2106 945 2180 manifestas,
958 2105 1086 2191 rapiunt
1101 2118 1136 2169 ut
1149 2105 1356 2185 distribuant,

404 2208 444 2271 de
475 2207 578 2271 alieno
606 2208 733 2293 placant
765 2206 978 2282 Altissimum,
1005 2220 1037 2270 et
1068 2209 1100 2269 iu
1130 2207 1355 2271 contumeliam

401 2308 616 2394 apostolorum
642 2308 764 2393 ligandi
790 2321 822 2372 et
848 2309 990 2372 solvendi
1021 2322 1178 2395 usurpant
1202 2308 1356 2390 officium,

401 2422 559 2496 usurpant
574 2409 677 2475 claves
692 2411 843 2488 ecclesiae,
860 2410 1050 2477 liberalitate
1072 2412 1261 2498 pontificum
1276 2412 1355 2476 abu·

400 2525 515 2588 tentes,
546 2512 701 2588 ecclesias,
727 2537 810 2599 quas
840 2513 934 2577 semel
965 2515 1206 2599 occupaverint,
1232 2518 1355 2599 episco-

401 2636 515 2699 porum
532 2613 725 2678 subtrahunt
748 2616 910 2699 potestati,
927 2638 1063 2700 quorum
1084 2615 1234 2679 nituntur
1249 2631 1354 2700 potes-

405 2727 482 2791 tate,
505 2713 554 2776 vel
579 2715 781 2788 auctoritate,
804 2715 829 2776 si
852 2715 989 2800 aliquem
1014 2715 1253 2798 provincialium
1280 2740 1354 2780 con-

401 2816 507 2878 venire
523 2813 690 2878 voluerint.
737 2815 769 2877 si
788 2837 860 2877 vero
878 2816 1108 2879 conveniantur
1122 2817 1163 2879 ab
1177 2816 1251 2894 alio,
1268 2819 1351 2880 Pon-

403 2916 527 2982 tificalis
549 2915 720 2979 auctoritas
738 2919 907 2993 evanescit,
923 2938 1024 3000 quum
1047 2927 1187 2979 asserant
1202 2940 1235 2980 se
1249 2918 1353 2981 forum

402 3042 464 3083 uon
489 3018 606 3080 habere
632 3016 691 3081 nisi
720 3018 914 3097 Romanum,
937 3017 988 3080 vel
1014 3016 1353 3103 Hierosolymitanum.

402 3119 498 3185 Unde
523 3118 712 3182 sublimitati
734 3131 848 3181 vestrae
868 3118 1097 3182 consulendum
1117 3131 1149 3182 et
1172 3119 1353 3205 supplican-

401 3221 481 3286 dum
503 3220 638 3295 decrevi,
655 3243 694 3284 ne
714 3220 844 3284 malitiae
862 3244 982 3297 eornm,
1006 3243 1102 3306 quam
1123 3236 1281 3301 exercent,
1296 3224 1354 3287 ad·

401 3346 513 3388 versus
535 3323 667 3387 latorem
689 3323 906 3409 praesentium,
930 3322 1079 3387 clericum
1103 3335 1135 3387 et
1157 3325 1352 3390 sacerdotem

400 3438 554 3504 vestrum,
568 3423 776 3510 indulgeatis:
800 3446 900 3510 quum
922 3448 1017 3489 causa
1036 3447 1147 3489 eorum
1164 3425 1265 3511 magis
1285 3449 1353 3491 ves-

400 3542 480 3592 tram
495 3526 609 3591 loedere
620 3525 767 3591 videatur
776 3525 951 3601 ecclesiam,
963 3550 1061 3612 quam
1071 3527 1164 3592 istius
1173 3550 1352 3613 personam.

400 3634 533 3695 Omnem
549 3630 631 3693 enim
657 3629 818 3692 ecclesiam
835 3652 931 3715 quam
952 3629 997 3691 eis
1020 3628 1246 3706 concesseritis,
1263 3630 1353 3694 vobis

399 3746 431 3799 et
446 3732 680 3797 successoribus
696 3731 807 3796 vestris
822 3731 985 3794 auferetis

483 3977 706 4041 EPISTOLA
729 3975 937 4039 XCVb-ao
953 3994 1091 4058 aurnum
1106 3994 1265 4039 accareu

648 4095 854 4140 cantassent.
883 4076 927 4156 [A.
945 4096 976 4140 n.
996 4078 1104 4157 lton]

730 4211 844 4273 Abbati
865 4210 1011 4274 Cellensi.

445 4347 615 4407 L1rTunas
628 4342 836 4408 beatitudinis
847 4357 959 4408 vestrae
969 4344 1046 4408 mibi
1058 4344 1138 4408 lator
1148 4346 1351 4430 praesentium

401 4446 521 4523 attulit,
552 4445 606 4508 sed
636 4445 713 4530 ipsis
738 4446 939 4511 Pascbalium
972 4446 1119 4511 solenniis
1144 4446 1351 4513 feriaverunt.
