3875 5725
601 793 637 853 14
855 799 991 843 suasura
1007 798 1285 844 ssncsssumuus
1457 785 1502 865 [u.
1522 806 1553 850 u.

597 977 673 1019 vero
687 952 836 1039 precibus
849 948 968 1013 domini
986 951 1068 1033 regis
1083 972 1188 1027 causa,
1203 963 1377 1037 autequam
1393 956 1553 1021 sententia

596 1056 745 1129 ferretur,
773 1050 885 1116 sortita
910 1062 957 1114 est
983 1049 1178 1115 dilationem.
1226 1051 1324 1116 Unde
1354 1068 1551 1121 memoratus

596 1154 756 1220 Ricardus
771 1161 908 1218 nostram
929 1150 1126 1216 audientiam
1147 1152 1337 1239 appellavit:
1362 1152 1425 1218 illis
1438 1169 1549 1222 autem

594 1257 647 1322 die
671 1255 803 1344 praelixa
827 1254 1010 1339 conspectui
1037 1267 1147 1318 nostro
1171 1255 1362 1336 astantibus,
1388 1256 1549 1324 Ricardus

593 1358 826 1424 restitutionem
838 1357 905 1442 jam
916 1355 1013 1419 dictae
1027 1354 1167 1422 ecclenae
1179 1371 1302 1443 petens,
1312 1357 1545 1444 querimoniam

592 1457 795 1535 instauravit,
814 1456 994 1543 producens
1016 1470 1080 1521 tres
1103 1471 1210 1534 testes,
1233 1459 1290 1544 qui
1313 1461 1396 1523 sicut
1419 1460 1451 1523 in
1475 1461 1547 1526 foro

592 1561 744 1648 episcopi,
773 1560 817 1624 ita
846 1572 878 1623 et
909 1562 941 1622 in
967 1558 1133 1623 audientia
1158 1572 1268 1624 nostra
1293 1584 1367 1624 eum
1395 1564 1545 1628 canonice

592 1663 788 1739 institutum,
811 1675 843 1726 et
864 1660 930 1725 sine
948 1658 1074 1746 judicio
1097 1663 1232 1746 ejectum
1257 1663 1448 1728 asserebant.
1495 1667 1545 1731 Ad

592 1766 660 1831 hec
675 1763 758 1831 Rad.
774 1763 862 1850 quod
878 1763 910 1826 iu
926 1763 1094 1848 praesentia
1111 1766 1251 1849 episcopi
1269 1777 1398 1848 gestum
1420 1780 1468 1831 est
1483 1766 1543 1831 sibi

590 1890 652 1933 non
668 1868 784 1933 debere
798 1867 908 1931 obesse
923 1863 1098 1948 respondit,
1114 1888 1217 1950 quum
1233 1878 1265 1929 et
1285 1865 1354 1950 ipsc
1376 1881 1450 1932 ante
1465 1868 1544 1933 dila-

589 1970 707 2035 tionem
734 1967 897 2044 meruerit,
922 1978 954 2028 et
980 1964 1037 2027 illo
1060 1965 1190 2030 absente
1217 1966 1381 2052 saepedicti
1405 1968 1473 2034 Ric.
1500 1971 1542 2034 ab

590 2070 740 2155 episcopo
763 2065 931 2130 inciviliter
957 2069 997 2130 sit
1020 2081 1149 2152 recepta
1170 2069 1328 2154 probatio.
1375 2068 1443 2135 lllis
1465 2093 1542 2156 ergo

589 2167 794 2244 instantibus,
807 2181 842 2232 ut
858 2190 877 2231 a
893 2166 985 2232 nobis
999 2191 1037 2231 eo
1051 2181 1208 2253 praesente
1219 2182 1251 2233 et
1266 2167 1416 2235 audiente
1430 2193 1540 2236 eorum

589 2271 737 2359 probatio
763 2270 968 2355 reciperetur,
993 2269 1076 2334 Rad.
1104 2270 1232 2334 duobus
1258 2271 1387 2336 testium
1410 2271 1542 2337 crimina

587 2375 620 2438 in
631 2372 761 2437 modum
771 2371 965 2455 exceptionis
974 2372 1136 2458 opposuit,
1147 2372 1295 2453 alterum,
1306 2374 1431 2440 scilicet
1442 2397 1542 2438 sacer-

587 2474 707 2551 dotem,
722 2473 829 2537 dicens
843 2473 992 2537 infamem
1014 2496 1171 2560 reumque
1190 2473 1366 2551 homicidii,
1381 2488 1414 2539 et
1429 2474 1539 2539 falsifi-

586 2575 718 2641 cationis
748 2588 894 2654 monetoe,
925 2575 1101 2662 multisque
1130 2575 1305 2639 latrociniis
1335 2575 1535 2641 involutum:

585 2677 721 2742 alterum
737 2697 813 2741 vero
836 2675 1000 2740 Andream
1024 2676 1184 2762 acolytum
1200 2698 1269 2741 esse
1282 2677 1418 2742 asseruit
1434 2677 1537 2741 homi-

585 2778 704 2846 cidam:
743 2778 872 2844 tertium
904 2801 979 2840 vero
1009 2777 1140 2865 reliquit
1169 2778 1337 2843 intactum.
1388 2777 1439 2844 Ad
1470 2780 1538 2844 hoec

585 2908 716 2973 quoque
737 2883 869 2949 crimina
890 2882 1127 2967 comprobanda
1152 2880 1337 2945 dilationem
1360 2881 1420 2945 sibi
1445 2884 1538 2968 petiit

585 2986 756 3073 indulgeri.
801 2988 868 3050 Nos
889 2985 1000 3071 itaque
1022 3008 1061 3047 ne
1083 3006 1146 3047 nou
1170 2983 1310 3064 malitiae,
1333 2983 1386 3047 sed
1401 2985 1538 3070 justitiae

585 3109 680 3150 causa
701 3086 884 3150 dilationem
908 3098 1016 3169 petere
1040 3083 1214 3165 videretur,
1235 3085 1277 3149 ab
1300 3108 1338 3148 eo
1362 3085 1537 3170 legitimam

585 3186 750 3269 exegimus
765 3184 956 3259 cautionem,
973 3207 1038 3269 qua
1053 3184 1145 3248 nobis
1167 3186 1263 3250 tidem
1279 3186 1408 3263 faceret,
1425 3209 1458 3250 se
1473 3210 1535 3251 non

584 3284 690 3350 animo
709 3283 914 3380 malignandi,
930 3298 987 3349 aut
1009 3285 1222 3353 frustratorias
1243 3286 1404 3351 dilationis
1425 3310 1538 3352 caussa

584 3409 652 3450 eam
664 3385 837 3470 postulare.
883 3389 992 3461 Quum
1004 3410 1107 3453 veroa
1118 3388 1209 3453 nobis
1220 3388 1381 3453 dilationis
1397 3388 1534 3474 spatium

583 3485 669 3552 ultra
683 3488 863 3550 canonicam
879 3501 910 3552 et
931 3489 1108 3572 legitimam
1131 3489 1362 3567 definitionem,
1384 3513 1482 3577 quam
1505 3494 1535 3555 ei

583 3587 803 3669 offerebamus,
818 3588 961 3653 obtinere
978 3613 1041 3654 non
1055 3605 1173 3677 posset,
1190 3591 1231 3655 ad
1246 3604 1382 3657 vestram
1398 3615 1536 3678 praeseu·

583 3689 657 3755 tiam
668 3688 871 3777 appellavita
882 3691 985 3775 pridie
994 3692 1056 3756 cal.
1073 3692 1193 3777 Aprilis
1203 3693 1337 3780 praefixa
1352 3693 1534 3771 Dominica,

582 3814 648 3876 qua
657 3792 839 3857 cantabitur
850 3797 902 3859 Aa
915 3803 946 3858 te
961 3799 1072 3860 micci.
1117 3798 1216 3860 Actor
1232 3817 1307 3858 vero
1322 3794 1362 3859 de
1378 3794 1532 3879 temporis

580 3892 763 3975 prolixitate
778 3910 928 3963 causatus
944 3898 1117 3963 terminum
1132 3885 1308 3964 coarctavit
1324 3897 1408 3962 diem
1418 3900 1533 3965 Pente-

582 4008 693 4059 costes.
