3875 5725
411 868 606 948 llas-as]
799 887 980 932 EPISTOLAE.
1303 880 1363 937 159

406 1061 485 1115 esse,
497 1037 529 1101 in
544 1037 711 1123 praesentia
725 1050 833 1102 nostra
843 1052 1039 1124 conquestus
1051 1051 1109 1118 est,
1122 1044 1287 1125 postulans
1301 1041 1361 1105 sibi

405 1141 446 1204 de
463 1141 504 1206 G.
519 1140 709 1227 presbytero
728 1139 769 1203 de
784 1140 1027 1218 wichelemera,
1043 1141 1100 1227 qui
1116 1165 1168 1205 eas
1181 1143 1363 1228 occupavit,

405 1256 437 1308 et
452 1242 592 1329 quodam
610 1243 722 1324 milite,
739 1242 890 1320 Ricardo‚
906 1244 963 1330 qui
980 1242 1070 1310 fundi
1086 1243 1234 1308 dominus
1255 1257 1315 1324 est,
1330 1258 1362 1310 et

404 1347 574 1432 occupanti
598 1345 827 1431 patrocinatur,
846 1345 1007 1431 justitiam
1023 1347 1176 1411 exbiberi.
1215 1347 1362 1413 Partibus

406 1467 481 1512 vero
493 1446 622 1511 tandem
635 1446 849 1532 peremptoria
863 1447 915 1511 die
931 1449 1075 1534 praefixa,
1089 1470 1189 1533 quum
1205 1449 1362 1535 praefatus

405 1547 469 1612 An.
485 1548 621 1625 adesset,
637 1569 712 1633 pars
727 1548 859 1612 adversa
875 1551 1124 1635 tergiversando,
1136 1549 1176 1612 ad
1192 1550 1363 1616 frustrato-

405 1646 468 1711 rias
478 1646 645 1710 dilationes
656 1647 812 1730 confugit,
825 1670 904 1733 quas
916 1671 1017 1734 quum
1029 1650 1074 1713 eis
1084 1650 1168 1733 juris
1178 1650 1258 1712 ratio
1270 1649 1364 1714 dene·

406 1761 523 1832 gasset,
541 1746 718 1829 jamdictus
744 1747 833 1810 miles
856 1747 915 1810 sibi
941 1770 960 1810 a
983 1748 1082 1812 nobili
1105 1748 1173 1810 viro
1200 1748 1364 1814 Willelmo

407 1850 507 1912 fratre
522 1851 617 1932 regis,
632 1848 761 1911 domino
777 1871 845 1928 suo,
860 1848 943 1913 dixit
964 1872 1031 1913 esse
1046 1849 1254 1935 prohibitum,
1271 1872 1310 1913 ne
1325 1873 1363 1914 eo

408 1950 550 2026 absente,
573 1972 669 2035 super
691 1948 830 2029 decimis,
849 1949 889 2012 de
912 1950 1032 2036 quibus
1051 1950 1218 2035 agebatur,
1238 1974 1364 2017 oausam

408 2051 639 2137 ingrederetur.
657 2053 923 2116 Praememoratus
934 2076 1065 2138 quoque
1076 2053 1252 2139 presbyter,
1262 2077 1364 2140 quum

408 2154 519 2218 cedere
534 2153 656 2218 videret
679 2152 823 2230 militem,
839 2154 933 2239 cujus
952 2154 1129 2239 patrocinio
1144 2155 1317 2236 nitebatur,
1332 2179 1364 2220 se

407 2279 468 2320 uon
478 2257 679 2341 litigaturum
691 2256 867 2341 respondit.
894 2258 1001 2334 Quum
1015 2279 1092 2341 ergo
1100 2270 1188 2322 actor
1199 2259 1366 2343 productis

408 2358 530 2423 idoneis
546 2359 694 2438 testibus,
708 2359 828 2444 quibus
847 2359 1044 2440 abundabat,
1059 2382 1179 2424 summa
1201 2360 1363 2441 instantia,

407 2474 445 2526 ut
460 2464 560 2547 ipsius
574 2459 721 2547 probatio
744 2461 950 2545 reciperetur,
965 2487 985 2527 a
999 2462 1090 2527 nobis
1108 2463 1317 2548 impetrasset,
1332 2477 1365 2530 et

407 2585 445 2627 ea
459 2578 586 2646 recepta
600 2563 731 2626 consilio
743 2563 854 2647 synodi
871 2587 971 2648 quum
991 2587 1049 2651 pro
1062 2588 1100 2627 eo
1115 2564 1211 2629 laturi
1226 2588 1365 2630 essemus

408 2664 609 2741 sententiam,
624 2663 816 2749 saepedictus
836 2666 1005 2750 presbyter
1020 2666 1061 2732 ad
1077 2679 1214 2730 vestram
1234 2667 1365 2730 audien·

409 2765 486 2828 tiam
509 2764 693 2850 appellavit,
717 2764 801 2828 diem
823 2766 993 2851 praefigens
1017 2769 1121 2835 Quasi
1143 2770 1232 2831 modo
1251 2772 1364 2849 geniti.

410 2867 478 2931 Vos
492 2867 601 2953 itaque
615 2879 713 2952 prout
726 2868 817 2930 Deus
832 2868 921 2931 vobis
935 2869 1148 2953 inspiraverit,
1161 2892 1265 2933 causae
1280 2869 1368 2933 debi-

409 2980 477 3033 tum
494 2968 588 3033 finem
604 2967 784 3055 imponetis.

600 3269 823 3333 EPISTOLA
846 3270 1005 3334 CX.-sn
1021 3288 1175 3334 sunnam

653 3423 792 3486 Domino
807 3424 910 3504 Papae
926 3421 1124 3485 Ateaandro.

459 3569 624 3644 Macran,
640 3567 819 3635 dulcissime
835 3582 938 3654 pater,
953 3590 1198 3655 conceperamus
1212 3570 1369 3653 laetitiam,

411 3682 583 3756 sperantes,
606 3681 643 3737 ut
664 3672 750 3737 fama
771 3685 850 3748 erat,
873 3695 930 3736 nos
952 3673 1033 3737 citra
1055 3672 1151 3758 Alpes
1173 3696 1265 3758 posse
1287 3698 1368 3761 prae-

409 3772 519 3837 sentiae
545 3790 659 3839 vestrae
681 3774 794 3838 solatio
817 3774 959 3838 recreari.
1004 3778 1105 3837 Versa
1130 3787 1178 3838 est
1204 3788 1309 3840 tamen
1333 3778 1368 3841 in

410 3873 531 3939 luctum
554 3876 688 3961 cythara
703 3889 823 3952 nostra,
840 3891 870 3940 et
891 3874 1045 3960 gaudium
1062 3876 1187 3939 transiit
1207 3875 1239 3937 in
1254 3899 1368 3942 moero-

410 3997 489 4053 rem,
515 3999 555 4039 ex
583 3998 648 4061 quo
674 4000 733 4063 pro
759 3989 848 4041 certo
873 3975 965 4039 nobis
994 3976 1147 4052 innotuit,
1174 3977 1262 4061 quod
1292 3978 1369 4043 urbs

411 4075 644 4142 beatitudinem
675 4090 814 4143 vestram
845 4078 992 4142 invidens
1021 4075 1204 4163 Cisalpinis,
1234 4080 1369 4145 nominis

412 4175 510 4239 vestri
532 4178 633 4262 gloria
657 4180 769 4246 maluit
791 4180 953 4245 illustrari.
1009 4182 1117 4254 Quum
1140 4201 1217 4263 ergo
1243 4196 1369 4267 aposto·

412 4277 497 4341 latus
513 4279 610 4343 vestri
621 4281 744 4346 culmen
760 4304 955 4369 nequeamus
966 4304 1026 4367 pro
1042 4294 1116 4346 voto
1132 4281 1269 4360 visitare,
1279 4284 1369 4367 quod

411 4398 595 4463 possumus,
624 4379 739 4446 iterum
769 4405 827 4468 per
854 4383 996 4463 nuntios,
1022 4381 1184 4447 celeritate
1213 4381 1370 4480 adhibita,

408 4490 573 4543 eonsuetae
586 4478 776 4545 visitationis
788 4482 1008 4567 supplebimus
1018 4482 1217 4567 obsequium.
1243 4486 1371 4552 Placeat
