<?xml version="1.0" encoding="UTF-8"?>
<!DOCTYPE html PUBLIC "-//W3C//DTD XHTML 1.0 Transitional//EN"
    "http://www.w3.org/TR/xhtml1/DTD/xhtml1-transitional.dtd">
<html xmlns="http://www.w3.org/1999/xhtml" xml:lang="en" lang="en">
 <head>
  <title>
</title>
<meta http-equiv="Content-Type" content="text/html;charset=utf-8" />
  <meta name='ocr-system' content='tesseract 3.04.00' />
  <meta name='ocr-capabilities' content='ocr_page ocr_carea ocr_par ocr_line ocrx_word'/>
</head>
<body>
  <div class='ocr_page' id='page_1' title='image "./joannissaresber01johngoog_0275.png"; bbox 0 0 3875 5725; ppageno 0'>
   <div class='ocr_carea' id='block_1_1' title="bbox 403 869 1351 952">
    <p class='ocr_par' dir='ltr' id='par_1_1' title="bbox 403 869 1351 952">
     <span class='ocr_line' id='line_1_1' title="bbox 403 869 1351 952; baseline -0.001 -20"><span class='ocrx_word' id='word_1_1' title='bbox 403 869 510 952; x_wconf 78' lang='lat' dir='ltr'><strong>lica]</strong></span> <span class='ocrx_word' id='word_1_2' title='bbox 786 888 965 935; x_wconf 75' lang='lat' dir='ltr'><strong>nersrourn.</strong></span> <span class='ocrx_word' id='word_1_3' title='bbox 1288 876 1351 932; x_wconf 72' lang='lat'><strong>95⁷</strong></span> 
     </span>
    </p>
   </div>
   <div class='ocr_carea' id='block_1_2' title="bbox 399 1040 1350 1529">
    <p class='ocr_par' dir='ltr' id='par_1_2' title="bbox 399 1040 1350 1529">
     <span class='ocr_line' id='line_1_2' title="bbox 401 1040 1348 1122; baseline 0 -22"><span class='ocrx_word' id='word_1_4' title='bbox 401 1041 592 1104; x_wconf 85' lang='lat' dir='ltr'><strong>obfuturum.</strong></span> <span class='ocrx_word' id='word_1_5' title='bbox 639 1042 673 1105; x_wconf 84' lang='lat' dir='ltr'><strong>si</strong></span> <span class='ocrx_word' id='word_1_6' title='bbox 702 1052 806 1105; x_wconf 90' lang='lat' dir='ltr'><strong>autern</strong></span> <span class='ocrx_word' id='word_1_7' title='bbox 837 1042 984 1103; x_wconf 90' lang='lat' dir='ltr'><strong>homines</strong></span> <span class='ocrx_word' id='word_1_8' title='bbox 1015 1040 1215 1122; x_wconf 83' lang='lat' dir='ltr'><strong>interpellare</strong></span> <span class='ocrx_word' id='word_1_9' title='bbox 1245 1050 1348 1101; x_wconf 89' lang='lat' dir='ltr'><strong>tutum</strong></span> 
     </span>
     <span class='ocr_line' id='line_1_3' title="bbox 399 1139 1349 1225; baseline 0.001 -23"><span class='ocrx_word' id='word_1_10' title='bbox 399 1162 465 1204; x_wconf 90' lang='lat' dir='ltr'><strong>non</strong></span> <span class='ocrx_word' id='word_1_11' title='bbox 489 1142 595 1219; x_wconf 89' lang='lat' dir='ltr'><strong>fuerit,</strong></span> <span class='ocrx_word' id='word_1_12' title='bbox 621 1143 798 1206; x_wconf 92' lang='lat' dir='ltr'><strong>Dominum</strong></span> <span class='ocrx_word' id='word_1_13' title='bbox 828 1163 938 1225; x_wconf 83' lang='lat' dir='ltr'><strong>quaeso</strong></span> <span class='ocrx_word' id='word_1_14' title='bbox 966 1140 1112 1205; x_wconf 82' lang='lat' dir='ltr'><strong>devotius</strong></span> <span class='ocrx_word' id='word_1_15' title='bbox 1135 1139 1287 1215; x_wconf 79' lang='lat' dir='ltr'><strong>exoretis,</strong></span> <span class='ocrx_word' id='word_1_16' title='bbox 1312 1153 1349 1203; x_wconf 85' lang='lat' dir='ltr'><strong>nt</strong></span> 
     </span>
     <span class='ocr_line' id='line_1_4' title="bbox 400 1243 1350 1325; baseline 0.003 -23"><span class='ocrx_word' id='word_1_17' title='bbox 400 1263 525 1323; x_wconf 85' lang='lat' dir='ltr'>gressus</span> <span class='ocrx_word' id='word_1_18' title='bbox 540 1265 628 1307; x_wconf 91' lang='lat' dir='ltr'><strong>meos</strong></span> <span class='ocrx_word' id='word_1_19' title='bbox 645 1244 760 1325; x_wconf 83' lang='lat' dir='ltr'><strong>dirigat</strong></span> <span class='ocrx_word' id='word_1_20' title='bbox 775 1245 807 1304; x_wconf 91' lang='lat' dir='ltr'><strong>in</strong></span> <span class='ocrx_word' id='word_1_21' title='bbox 824 1243 946 1307; x_wconf 87' lang='lat' dir='ltr'><strong>semitis</strong></span> <span class='ocrx_word' id='word_1_22' title='bbox 961 1243 1045 1317; x_wconf 82' lang='lat' dir='ltr'><strong>snis3</strong></span> <span class='ocrx_word' id='word_1_23' title='bbox 1071 1251 1187 1324; x_wconf 89' lang='lat' dir='ltr'><strong>potens</strong></span> <span class='ocrx_word' id='word_1_24' title='bbox 1202 1243 1287 1304; x_wconf 90' lang='lat' dir='ltr'><strong>enim</strong></span> <span class='ocrx_word' id='word_1_25' title='bbox 1302 1252 1350 1305; x_wconf 90' lang='lat' dir='ltr'><strong>est</strong></span> 
     </span>
     <span class='ocr_line' id='line_1_5' title="bbox 399 1341 1345 1427; baseline -0.001 -23"><span class='ocrx_word' id='word_1_26' title='bbox 399 1343 518 1427; x_wconf 90' lang='lat' dir='ltr'><strong>ubique</strong></span> <span class='ocrx_word' id='word_1_27' title='bbox 547 1346 692 1409; x_wconf 91' lang='lat' dir='ltr'><strong>locorum</strong></span> <span class='ocrx_word' id='word_1_28' title='bbox 717 1345 794 1407; x_wconf 91' lang='lat' dir='ltr'><strong>mihi</strong></span> <span class='ocrx_word' id='word_1_29' title='bbox 825 1345 960 1427; x_wconf 88' lang='lat' dir='ltr'><strong>patriam</strong></span> <span class='ocrx_word' id='word_1_30' title='bbox 991 1344 1107 1419; x_wconf 85' lang='lat' dir='ltr'><strong>facere,</strong></span> <span class='ocrx_word' id='word_1_31' title='bbox 1130 1358 1163 1406; x_wconf 89' lang='lat' dir='ltr'><strong>et</strong></span> <span class='ocrx_word' id='word_1_32' title='bbox 1189 1341 1345 1426; x_wconf 89' lang='lat' dir='ltr'><strong>quicquid</strong></span> 
     </span>
     <span class='ocr_line' id='line_1_6' title="bbox 399 1443 1215 1529; baseline 0.004 -25"><span class='ocrx_word' id='word_1_33' title='bbox 399 1443 538 1507; x_wconf 75' lang='lat' dir='ltr'><strong>aufertur</strong></span> <span class='ocrx_word' id='word_1_34' title='bbox 554 1446 653 1524; x_wconf 90' lang='lat' dir='ltr'><strong>dorni,</strong></span> <span class='ocrx_word' id='word_1_35' title='bbox 668 1467 800 1529; x_wconf 86' lang='lat' dir='ltr'><strong>peregre</strong></span> <span class='ocrx_word' id='word_1_36' title='bbox 815 1446 984 1510; x_wconf 82' lang='lat' dir='ltr'><strong>salubriter</strong></span> <span class='ocrx_word' id='word_1_37' title='bbox 999 1465 1215 1527; x_wconf 89' lang='lat' dir='ltr'><strong>compensare.</strong></span> 
     </span>
    </p>
   </div>
   <div class='ocr_carea' id='block_1_3' title="bbox 460 1689 1288 1870">
    <p class='ocr_par' dir='ltr' id='par_1_3' title="bbox 460 1689 1288 1870">
     <span class='ocr_line' id='line_1_7' title="bbox 460 1689 1288 1752; baseline -0.002 -2"><span class='ocrx_word' id='word_1_38' title='bbox 460 1689 683 1752; x_wconf 86' lang='lat' dir='ltr'>EPISTOLA</span> <span class='ocrx_word' id='word_1_39' title='bbox 706 1690 944 1752; x_wconf 62' lang='lat' dir='ltr'><strong>euxia-m</strong></span> <span class='ocrx_word' id='word_1_40' title='bbox 960 1705 1136 1750; x_wconf 70' lang='lat' dir='ltr'><strong>urrunnun</strong></span> <span class='ocrx_word' id='word_1_41' title='bbox 1151 1705 1288 1749; x_wconf 76' lang='lat' dir='ltr'><strong>aucum.</strong></span> 
     </span>
     <span class='ocr_line' id='line_1_8' title="bbox 616 1789 1133 1870; baseline -0.004 -18"><span class='ocrx_word' id='word_1_42' title='bbox 616 1809 872 1852; x_wconf 72' lang='lat' dir='ltr'><strong>Prcravrnusnur.</strong></span> <span class='ocrx_word' id='word_1_43' title='bbox 921 1789 1004 1868; x_wconf 68' lang='lat' dir='ltr'><strong>[un.</strong></span> <span class='ocrx_word' id='word_1_44' title='bbox 1025 1790 1133 1870; x_wconf 77' lang='lat' dir='ltr'><strong>ltro]</strong></span> 
     </span>
    </p>
   </div>
   <div class='ocr_carea' id='block_1_4' title="bbox 572 1942 1180 2005">
    <p class='ocr_par' dir='ltr' id='par_1_4' title="bbox 572 1942 1180 2005">
     <span class='ocr_line' id='line_1_9' title="bbox 572 1942 1180 2005; baseline -0.013 0"><span class='ocrx_word' id='word_1_45' title='bbox 572 1942 714 2005; x_wconf 84' lang='lat' dir='ltr'><strong>Ricardo</strong></span> <span class='ocrx_word' id='word_1_46' title='bbox 728 1942 954 2004; x_wconf 76' lang='lat' dir='ltr'><strong>archidiacono</strong></span> <span class='ocrx_word' id='word_1_47' title='bbox 970 1943 1180 2004; x_wconf 68' lang='lat' dir='ltr'><strong>Pit-tartensi.</strong></span> 
     </span>
    </p>
   </div>
   <div class='ocr_carea' id='block_1_5' title="bbox 403 2073 1351 2261">
    <p class='ocr_par' dir='ltr' id='par_1_5' title="bbox 403 2073 1351 2261">
     <span class='ocr_line' id='line_1_10' title="bbox 444 2073 1351 2160; baseline -0.004 -21"><span class='ocrx_word' id='word_1_48' title='bbox 444 2078 640 2139; x_wconf 77' lang='lat' dir='ltr'><strong>Maururssn</strong></span> <span class='ocrx_word' id='word_1_49' title='bbox 650 2087 755 2160; x_wconf 83' lang='lat' dir='ltr'><strong>potest</strong></span> <span class='ocrx_word' id='word_1_50' title='bbox 765 2085 867 2138; x_wconf 86' lang='lat' dir='ltr'><strong>vestra</strong></span> <span class='ocrx_word' id='word_1_51' title='bbox 878 2073 1037 2151; x_wconf 87' lang='lat' dir='ltr'><strong>discretio,</strong></span> <span class='ocrx_word' id='word_1_52' title='bbox 1046 2075 1080 2136; x_wconf 92' lang='lat' dir='ltr'><strong>in</strong></span> <span class='ocrx_word' id='word_1_53' title='bbox 1092 2095 1155 2157; x_wconf 88' lang='lat' dir='ltr'><strong>qua</strong></span> <span class='ocrx_word' id='word_1_54' title='bbox 1165 2096 1222 2156; x_wconf 90' lang='lat' dir='ltr'><strong>spe</strong></span> <span class='ocrx_word' id='word_1_55' title='bbox 1233 2095 1253 2136; x_wconf 91' lang='lat' dir='ltr'><strong>a</strong></span> <span class='ocrx_word' id='word_1_56' title='bbox 1262 2074 1351 2137; x_wconf 86' lang='lat' dir='ltr'><strong>vobis</strong></span> 
     </span>
     <span class='ocr_line' id='line_1_11' title="bbox 403 2175 1350 2261; baseline -0.002 -21"><span class='ocrx_word' id='word_1_57' title='bbox 403 2177 616 2255; x_wconf 84' lang='lat' dir='ltr'><strong>discesserim,</strong></span> <span class='ocrx_word' id='word_1_58' title='bbox 643 2177 775 2261; x_wconf 91' lang='lat' dir='ltr'><strong>quando</strong></span> <span class='ocrx_word' id='word_1_59' title='bbox 805 2199 856 2239; x_wconf 93' lang='lat' dir='ltr'><strong>me</strong></span> <span class='ocrx_word' id='word_1_60' title='bbox 889 2177 1054 2239; x_wconf 82' lang='lat' dir='ltr'><strong>sinceritas</strong></span> <span class='ocrx_word' id='word_1_61' title='bbox 1081 2186 1183 2239; x_wconf 87' lang='lat' dir='ltr'><strong>restra</strong></span> <span class='ocrx_word' id='word_1_62' title='bbox 1213 2175 1350 2260; x_wconf 88' lang='lat' dir='ltr'><strong>quadam</strong></span> 
     </span>
    </p>
   </div>
   <div class='ocr_carea' id='block_1_6' title="bbox 301 2278 1348 2363">
    <p class='ocr_par' dir='ltr' id='par_1_6' title="bbox 301 2278 1348 2363">
     <span class='ocr_line' id='line_1_12' title="bbox 301 2278 1348 2363; baseline -0.003 -22"><span class='ocrx_word' id='word_1_63' title='bbox 301 2290 304 2294; x_wconf 87' lang='grc'><strong><em>’</em></strong></span> <span class='ocrx_word' id='word_1_64' title='bbox 400 2280 668 2342; x_wconf 85' lang='lat' dir='ltr'><strong>reconciliationis</strong></span> <span class='ocrx_word' id='word_1_65' title='bbox 689 2292 721 2343; x_wconf 87' lang='lat' dir='ltr'><strong>et</strong></span> <span class='ocrx_word' id='word_1_66' title='bbox 744 2280 834 2362; x_wconf 86' lang='lat' dir='ltr'><strong>pacis</strong></span> <span class='ocrx_word' id='word_1_67' title='bbox 853 2281 903 2341; x_wconf 86' lang='lat' dir='ltr'><strong>ria</strong></span> <span class='ocrx_word' id='word_1_68' title='bbox 925 2290 1121 2363; x_wconf 86' lang='lat' dir='ltr'><strong>praeostensa</strong></span> <span class='ocrx_word' id='word_1_69' title='bbox 1144 2278 1348 2341; x_wconf 74' lang='lat' dir='ltr'><strong>exhilaravit:</strong></span> 
     </span>
    </p>
   </div>
   <div class='ocr_carea' id='block_1_7' title="bbox 372 2378 1398 4255">
    <p class='ocr_par' dir='ltr' id='par_1_7' title="bbox 372 2378 1398 4255">
     <span class='ocr_line' id='line_1_13' title="bbox 401 2378 1398 2464; baseline -0.003 -21"><span class='ocrx_word' id='word_1_70' title='bbox 401 2394 433 2443; x_wconf 87' lang='lat' dir='ltr'><strong>et</strong></span> <span class='ocrx_word' id='word_1_71' title='bbox 455 2381 529 2464; x_wconf 88' lang='lat' dir='ltr'><strong>quia</strong></span> <span class='ocrx_word' id='word_1_72' title='bbox 551 2381 628 2443; x_wconf 88' lang='lat' dir='ltr'><strong>mihi</strong></span> <span class='ocrx_word' id='word_1_73' title='bbox 651 2380 792 2444; x_wconf 90' lang='lat' dir='ltr'><strong>nondum</strong></span> <span class='ocrx_word' id='word_1_74' title='bbox 814 2381 953 2444; x_wconf 89' lang='lat' dir='ltr'><strong>innotuit</strong></span> <span class='ocrx_word' id='word_1_75' title='bbox 976 2392 1132 2464; x_wconf 89' lang='lat' dir='ltr'><strong>quatenus</strong></span> <span class='ocrx_word' id='word_1_76' title='bbox 1158 2378 1354 2443; x_wconf 85' lang='lat' dir='ltr'><strong>convaluerit</strong></span> <span class='ocrx_word' id='word_1_77' title='bbox 1394 2412 1398 2421; x_wconf 95' lang='lat'>·</span> 
     </span>
     <span class='ocr_line' id='line_1_14' title="bbox 401 2478 1351 2564; baseline 0.003 -24"><span class='ocrx_word' id='word_1_78' title='bbox 401 2478 477 2541; x_wconf 89' lang='lat' dir='ltr'><strong>fidei</strong></span> <span class='ocrx_word' id='word_1_79' title='bbox 503 2488 612 2542; x_wconf 85' lang='lat' dir='ltr'><strong>restrae</strong></span> <span class='ocrx_word' id='word_1_80' title='bbox 638 2479 820 2561; x_wconf 88' lang='lat' dir='ltr'><strong>promissio,</strong></span> <span class='ocrx_word' id='word_1_81' title='bbox 846 2501 955 2562; x_wconf 84' lang='lat' dir='ltr'><strong>quaeso</strong></span> <span class='ocrx_word' id='word_1_82' title='bbox 978 2482 1028 2542; x_wconf 89' lang='lat' dir='ltr'><strong>rel</strong></span> <span class='ocrx_word' id='word_1_83' title='bbox 1048 2501 1146 2558; x_wconf 89' lang='lat' dir='ltr'><strong>nunc,</strong></span> <span class='ocrx_word' id='word_1_84' title='bbox 1169 2502 1231 2559; x_wconf 90' lang='lat' dir='ltr'><strong>me,</strong></span> <span class='ocrx_word' id='word_1_85' title='bbox 1257 2502 1351 2564; x_wconf 89' lang='lat' dir='ltr'><strong>quem</strong></span> 
     </span>
     <span class='ocr_line' id='line_1_15' title="bbox 399 2580 1352 2665; baseline 0.003 -24"><span class='ocrx_word' id='word_1_86' title='bbox 399 2580 521 2642; x_wconf 90' lang='lat' dir='ltr'><strong>incerta</strong></span> <span class='ocrx_word' id='word_1_87' title='bbox 549 2601 606 2663; x_wconf 91' lang='lat' dir='ltr'><strong>spe</strong></span> <span class='ocrx_word' id='word_1_88' title='bbox 635 2580 765 2654; x_wconf 77' lang='lat' dir='ltr'><strong>fecistis,</strong></span> <span class='ocrx_word' id='word_1_89' title='bbox 795 2600 860 2640; x_wconf 90' lang='lat' dir='ltr'><strong>non</strong></span> <span class='ocrx_word' id='word_1_90' title='bbox 897 2581 965 2641; x_wconf 91' lang='lat' dir='ltr'><strong>sine</strong></span> <span class='ocrx_word' id='word_1_91' title='bbox 1004 2583 1156 2663; x_wconf 90' lang='lat' dir='ltr'><strong>temporis</strong></span> <span class='ocrx_word' id='word_1_92' title='bbox 1184 2602 1352 2665; x_wconf 89' lang='lat' dir='ltr'><strong>rerumque</strong></span> 
     </span>
     <span class='ocr_line' id='line_1_16' title="bbox 399 2679 1350 2761; baseline 0.001 -19"><span class='ocrx_word' id='word_1_93' title='bbox 399 2679 569 2761; x_wconf 88' lang='lat' dir='ltr'><strong>dispendio</strong></span> <span class='ocrx_word' id='word_1_94' title='bbox 593 2680 691 2760; x_wconf 88' lang='lat' dir='ltr'><strong>gravi,</strong></span> <span class='ocrx_word' id='word_1_95' title='bbox 713 2679 869 2740; x_wconf 87' lang='lat' dir='ltr'><strong>haetenus</strong></span> <span class='ocrx_word' id='word_1_96' title='bbox 891 2679 1066 2753; x_wconf 88' lang='lat' dir='ltr'><strong>fluctuare;</strong></span> <span class='ocrx_word' id='word_1_97' title='bbox 1097 2700 1117 2740; x_wconf 92' lang='lat' dir='ltr'><strong>a</strong></span> <span class='ocrx_word' id='word_1_98' title='bbox 1139 2679 1350 2743; x_wconf 86' lang='lat' dir='ltr'><strong>dubitationis</strong></span> 
     </span>
     <span class='ocr_line' id='line_1_17' title="bbox 400 2777 1351 2860; baseline 0 -19"><span class='ocrx_word' id='word_1_99' title='bbox 400 2781 488 2843; x_wconf 88' lang='lat' dir='ltr'><strong>hune</strong></span> <span class='ocrx_word' id='word_1_100' title='bbox 503 2779 654 2858; x_wconf 84' lang='lat' dir='ltr'><strong>ambiguo</strong></span> <span class='ocrx_word' id='word_1_101' title='bbox 669 2777 855 2854; x_wconf 89' lang='lat' dir='ltr'><strong>absolvatis,</strong></span> <span class='ocrx_word' id='word_1_102' title='bbox 869 2787 905 2840; x_wconf 92' lang='lat' dir='ltr'><strong>ut</strong></span> <span class='ocrx_word' id='word_1_103' title='bbox 921 2779 961 2840; x_wconf 88' lang='lat' dir='ltr'><strong>de</strong></span> <span class='ocrx_word' id='word_1_104' title='bbox 978 2791 1094 2840; x_wconf 89' lang='lat' dir='ltr'><strong>caetero</strong></span> <span class='ocrx_word' id='word_1_105' title='bbox 1111 2799 1236 2860; x_wconf 90' lang='lat' dir='ltr'><strong>semper</strong></span> <span class='ocrx_word' id='word_1_106' title='bbox 1251 2788 1351 2841; x_wconf 82' lang='lat' dir='ltr'><strong>vester</strong></span> 
     </span>
     <span class='ocr_line' id='line_1_18' title="bbox 401 2879 1351 2963; baseline -0.003 -18"><span class='ocrx_word' id='word_1_107' title='bbox 401 2882 463 2945; x_wconf 90' lang='lat' dir='ltr'><strong>sim</strong></span> <span class='ocrx_word' id='word_1_108' title='bbox 479 2893 511 2945; x_wconf 92' lang='lat' dir='ltr'><strong>et</strong></span> <span class='ocrx_word' id='word_1_109' title='bbox 525 2892 708 2943; x_wconf 84' lang='lat' dir='ltr'><strong>vestrorum.</strong></span> <span class='ocrx_word' id='word_1_110' title='bbox 740 2880 825 2941; x_wconf 90' lang='lat' dir='ltr'><strong>Nam</strong></span> <span class='ocrx_word' id='word_1_111' title='bbox 838 2879 865 2940; x_wconf 90' lang='lat' dir='ltr'><strong>si</strong></span> <span class='ocrx_word' id='word_1_112' title='bbox 875 2879 977 2942; x_wconf 91' lang='lat' dir='ltr'><strong>redire</strong></span> <span class='ocrx_word' id='word_1_113' title='bbox 989 2890 1093 2942; x_wconf 89' lang='lat' dir='ltr'><strong>tutum</strong></span> <span class='ocrx_word' id='word_1_114' title='bbox 1104 2880 1208 2956; x_wconf 82' lang='lat' dir='ltr'><strong>fuerit,</strong></span> <span class='ocrx_word' id='word_1_115' title='bbox 1219 2891 1351 2963; x_wconf 88' lang='lat' dir='ltr'><strong>paratus</strong></span> 
     </span>
     <span class='ocr_line' id='line_1_19' title="bbox 400 2977 1349 3064; baseline -0.001 -19"><span class='ocrx_word' id='word_1_116' title='bbox 400 3004 470 3045; x_wconf 90' lang='lat' dir='ltr'><strong>sum</strong></span> <span class='ocrx_word' id='word_1_117' title='bbox 499 2981 629 3045; x_wconf 90' lang='lat' dir='ltr'><strong>domiuo</strong></span> <span class='ocrx_word' id='word_1_118' title='bbox 653 2980 719 3062; x_wconf 86' lang='lat' dir='ltr'><strong>regi</strong></span> <span class='ocrx_word' id='word_1_119' title='bbox 746 2977 906 3059; x_wconf 73' lang='lat' dir='ltr'><strong>coniligne</strong></span> <span class='ocrx_word' id='word_1_120' title='bbox 935 2980 1126 3058; x_wconf 85' lang='lat' dir='ltr'><strong>satisfacere,</strong></span> <span class='ocrx_word' id='word_1_121' title='bbox 1151 2982 1349 3064; x_wconf 91' lang='lat' dir='ltr'><strong>ubicumque</strong></span> 
     </span>
     <span class='ocr_line' id='line_1_20' title="bbox 399 3080 1350 3167; baseline -0.001 -21"><span class='ocrx_word' id='word_1_122' title='bbox 399 3103 463 3146; x_wconf 92' lang='lat' dir='ltr'><strong>non</strong></span> <span class='ocrx_word' id='word_1_123' title='bbox 474 3093 585 3167; x_wconf 88' lang='lat' dir='ltr'><strong>potero</strong></span> <span class='ocrx_word' id='word_1_124' title='bbox 595 3103 700 3145; x_wconf 90' lang='lat' dir='ltr'><strong>meam</strong></span> <span class='ocrx_word' id='word_1_125' title='bbox 711 3080 930 3144; x_wconf 87' lang='lat' dir='ltr'><strong>innocentiam</strong></span> <span class='ocrx_word' id='word_1_126' title='bbox 941 3102 1106 3144; x_wconf 88' lang='lat' dir='ltr'><strong>excusare.</strong></span> <span class='ocrx_word' id='word_1_127' title='bbox 1137 3083 1205 3145; x_wconf 91' lang='lat' dir='ltr'><strong>Vos</strong></span> <span class='ocrx_word' id='word_1_128' title='bbox 1217 3082 1350 3145; x_wconf 83' lang='lat' dir='ltr'><strong>sortasse</strong></span> 
     </span>
     <span class='ocr_line' id='line_1_21' title="bbox 372 3182 1352 3269; baseline -0.001 -21"><span class='ocrx_word' id='word_1_129' title='bbox 372 3245 375 3249; x_wconf 82' lang='lat'>.</span> <span class='ocrx_word' id='word_1_130' title='bbox 397 3187 438 3248; x_wconf 86' lang='lat' dir='ltr'><strong>ab</strong></span> <span class='ocrx_word' id='word_1_131' title='bbox 460 3186 557 3269; x_wconf 87' lang='lat' dir='ltr'><strong>hujus</strong></span> <span class='ocrx_word' id='word_1_132' title='bbox 579 3185 668 3248; x_wconf 83' lang='lat' dir='ltr'><strong>verbi</strong></span> <span class='ocrx_word' id='word_1_133' title='bbox 689 3194 823 3246; x_wconf 87' lang='lat' dir='ltr'><strong>tractatu</strong></span> <span class='ocrx_word' id='word_1_134' title='bbox 845 3182 996 3245; x_wconf 90' lang='lat' dir='ltr'><strong>militares</strong></span> <span class='ocrx_word' id='word_1_135' title='bbox 1018 3185 1174 3248; x_wconf 91' lang='lat' dir='ltr'><strong>tumultus</strong></span> <span class='ocrx_word' id='word_1_136' title='bbox 1194 3184 1352 3247; x_wconf 87' lang='lat' dir='ltr'><strong>haetenus</strong></span> 
     </span>
     <span class='ocr_line' id='line_1_22' title="bbox 399 3284 1352 3372; baseline -0.001 -21"><span class='ocrx_word' id='word_1_137' title='bbox 399 3288 642 3372; x_wconf 88' lang='lat' dir='ltr'><strong>praepedierunt,</strong></span> <span class='ocrx_word' id='word_1_138' title='bbox 657 3299 712 3350; x_wconf 87' lang='lat' dir='ltr'><strong>aut</strong></span> <span class='ocrx_word' id='word_1_139' title='bbox 727 3284 923 3348; x_wconf 85' lang='lat' dir='ltr'><strong>domesticus</strong></span> <span class='ocrx_word' id='word_1_140' title='bbox 943 3285 1056 3364; x_wconf 89' lang='lat' dir='ltr'><strong>hostis,</strong></span> <span class='ocrx_word' id='word_1_141' title='bbox 1070 3299 1102 3349; x_wconf 90' lang='lat' dir='ltr'><strong>et</strong></span> <span class='ocrx_word' id='word_1_142' title='bbox 1117 3288 1180 3364; x_wconf 90' lang='lat' dir='ltr'><strong>cui,</strong></span> <span class='ocrx_word' id='word_1_143' title='bbox 1195 3288 1222 3349; x_wconf 89' lang='lat' dir='ltr'><strong>si</strong></span> <span class='ocrx_word' id='word_1_144' title='bbox 1241 3285 1352 3350; x_wconf 88' lang='lat' dir='ltr'><strong>deero-</strong></span> 
     </span>
     <span class='ocr_line' id='line_1_23' title="bbox 398 3385 1351 3469; baseline -0.002 -17"><span class='ocrx_word' id='word_1_145' title='bbox 398 3402 465 3452; x_wconf 91' lang='lat' dir='ltr'><strong>tum</strong></span> <span class='ocrx_word' id='word_1_146' title='bbox 480 3388 584 3465; x_wconf 89' lang='lat' dir='ltr'><strong>suerit,</strong></span> <span class='ocrx_word' id='word_1_147' title='bbox 599 3407 764 3469; x_wconf 90' lang='lat' dir='ltr'><strong>nunquam</strong></span> <span class='ocrx_word' id='word_1_148' title='bbox 778 3385 906 3447; x_wconf 90' lang='lat' dir='ltr'><strong>habebo</strong></span> <span class='ocrx_word' id='word_1_149' title='bbox 920 3407 1045 3469; x_wconf 87' lang='lat' dir='ltr'><strong>pacem.</strong></span> <span class='ocrx_word' id='word_1_150' title='bbox 1084 3388 1115 3449; x_wconf 87' lang='lat' dir='ltr'>N</span> <span class='ocrx_word' id='word_1_151' title='bbox 1118 3409 1160 3450; x_wconf 93' lang='lat' dir='ltr'><strong>on</strong></span> <span class='ocrx_word' id='word_1_152' title='bbox 1175 3388 1261 3450; x_wconf 90' lang='lat' dir='ltr'><strong>enim</strong></span> <span class='ocrx_word' id='word_1_153' title='bbox 1276 3397 1351 3451; x_wconf 89' lang='lat' dir='ltr'><strong>ante</strong></span> 
     </span>
     <span class='ocr_line' id='line_1_24' title="bbox 398 3484 1352 3571; baseline -0.002 -18"><span class='ocrx_word' id='word_1_154' title='bbox 398 3490 510 3553; x_wconf 88' lang='lat' dir='ltr'><strong>nocuit</strong></span> <span class='ocrx_word' id='word_1_155' title='bbox 536 3509 631 3571; x_wconf 90' lang='lat' dir='ltr'><strong>quam</strong></span> <span class='ocrx_word' id='word_1_156' title='bbox 656 3485 756 3549; x_wconf 88' lang='lat' dir='ltr'><strong>fidem</strong></span> <span class='ocrx_word' id='word_1_157' title='bbox 781 3495 815 3549; x_wconf 91' lang='lat' dir='ltr'><strong>et</strong></span> <span class='ocrx_word' id='word_1_158' title='bbox 840 3484 1014 3548; x_wconf 87' lang='lat' dir='ltr'><strong>amicitiam</strong></span> <span class='ocrx_word' id='word_1_159' title='bbox 1044 3488 1206 3569; x_wconf 86' lang='lat' dir='ltr'><strong>pollicitus</strong></span> <span class='ocrx_word' id='word_1_160' title='bbox 1235 3498 1295 3567; x_wconf 85' lang='lat' dir='ltr'><strong>est,</strong></span> <span class='ocrx_word' id='word_1_161' title='bbox 1320 3500 1352 3551; x_wconf 89' lang='lat' dir='ltr'><strong>et</strong></span> 
     </span>
     <span class='ocr_line' id='line_1_25' title="bbox 397 3579 1350 3671; baseline 0 -20"><span class='ocrx_word' id='word_1_162' title='bbox 397 3592 529 3653; x_wconf 91' lang='lat' dir='ltr'><strong>multam</strong></span> <span class='ocrx_word' id='word_1_163' title='bbox 556 3586 800 3671; x_wconf 87' lang='lat' dir='ltr'><strong>promotionem.</strong></span> <span class='ocrx_word' id='word_1_164' title='bbox 855 3579 952 3647; x_wconf 90' lang='lat' dir='ltr'><strong>Nunc</strong></span> <span class='ocrx_word' id='word_1_165' title='bbox 979 3597 1085 3651; x_wconf 88' lang='lat' dir='ltr'><strong>autem</strong></span> <span class='ocrx_word' id='word_1_166' title='bbox 1111 3588 1244 3651; x_wconf 89' lang='lat' dir='ltr'><strong>obsecro</strong></span> <span class='ocrx_word' id='word_1_167' title='bbox 1271 3589 1350 3652; x_wconf 85' lang='lat' dir='ltr'><strong>mihi</strong></span> 
     </span>
     <span class='ocr_line' id='line_1_26' title="bbox 397 3690 1351 3773; baseline -0.003 -19"><span class='ocrx_word' id='word_1_168' title='bbox 397 3691 597 3773; x_wconf 85' lang='lat' dir='ltr'><strong>significetis,</strong></span> <span class='ocrx_word' id='word_1_169' title='bbox 612 3700 770 3773; x_wconf 88' lang='lat' dir='ltr'><strong>quatenus</strong></span> <span class='ocrx_word' id='word_1_170' title='bbox 784 3708 835 3749; x_wconf 92' lang='lat' dir='ltr'><strong>me</strong></span> <span class='ocrx_word' id='word_1_171' title='bbox 850 3707 977 3769; x_wconf 90' lang='lat' dir='ltr'><strong>sperare</strong></span> <span class='ocrx_word' id='word_1_172' title='bbox 993 3700 1150 3770; x_wconf 87' lang='lat' dir='ltr'><strong>oporteat,</strong></span> <span class='ocrx_word' id='word_1_173' title='bbox 1165 3701 1198 3751; x_wconf 91' lang='lat' dir='ltr'><strong>et</strong></span> <span class='ocrx_word' id='word_1_174' title='bbox 1219 3710 1285 3772; x_wconf 89' lang='lat' dir='ltr'><strong>qua</strong></span> <span class='ocrx_word' id='word_1_175' title='bbox 1299 3690 1351 3751; x_wconf 82' lang='lat' dir='ltr'><strong>via</strong></span> 
     </span>
     <span class='ocr_line' id='line_1_27' title="bbox 398 3788 1352 3871; baseline -0.005 -16"><span class='ocrx_word' id='word_1_176' title='bbox 398 3791 612 3855; x_wconf 87' lang='lat' dir='ltr'><strong>incedendum</strong></span> <span class='ocrx_word' id='word_1_177' title='bbox 633 3790 683 3865; x_wconf 86' lang='lat' dir='ltr'><strong>sit,</strong></span> <span class='ocrx_word' id='word_1_178' title='bbox 699 3790 726 3850; x_wconf 91' lang='lat' dir='ltr'><strong>si</strong></span> <span class='ocrx_word' id='word_1_179' title='bbox 741 3788 805 3850; x_wconf 87' lang='lat' dir='ltr'><strong>alia</strong></span> <span class='ocrx_word' id='word_1_180' title='bbox 818 3807 904 3849; x_wconf 90' lang='lat' dir='ltr'><strong>nunc</strong></span> <span class='ocrx_word' id='word_1_181' title='bbox 919 3790 1038 3869; x_wconf 87' lang='lat' dir='ltr'><strong>placet,</strong></span> <span class='ocrx_word' id='word_1_182' title='bbox 1053 3810 1149 3871; x_wconf 90' lang='lat' dir='ltr'><strong>quam</strong></span> <span class='ocrx_word' id='word_1_183' title='bbox 1169 3810 1240 3871; x_wconf 80' lang='lat' dir='ltr'><strong>qum</strong></span> <span class='ocrx_word' id='word_1_184' title='bbox 1262 3789 1352 3871; x_wconf 90' lang='lat' dir='ltr'><strong>prius</strong></span> 
     </span>
     <span class='ocr_line' id='line_1_28' title="bbox 399 3887 1352 3971; baseline -0.002 -18"><span class='ocrx_word' id='word_1_185' title='bbox 399 3904 527 3957; x_wconf 90' lang='lat' dir='ltr'><strong>ostensa</strong></span> <span class='ocrx_word' id='word_1_186' title='bbox 537 3902 604 3955; x_wconf 89' lang='lat' dir='ltr'><strong>est:</strong></span> <span class='ocrx_word' id='word_1_187' title='bbox 629 3903 661 3954; x_wconf 90' lang='lat' dir='ltr'><strong>et</strong></span> <span class='ocrx_word' id='word_1_188' title='bbox 673 3890 700 3953; x_wconf 90' lang='lat' dir='ltr'><strong>si</strong></span> <span class='ocrx_word' id='word_1_189' title='bbox 710 3889 818 3971; x_wconf 89' lang='lat' dir='ltr'><strong>aliquo</strong></span> <span class='ocrx_word' id='word_1_190' title='bbox 830 3887 927 3950; x_wconf 91' lang='lat' dir='ltr'><strong>modo</strong></span> <span class='ocrx_word' id='word_1_191' title='bbox 942 3889 1022 3951; x_wconf 90' lang='lat' dir='ltr'><strong>mihi</strong></span> <span class='ocrx_word' id='word_1_192' title='bbox 1036 3889 1352 3966; x_wconf 83' lang='lat' dir='ltr'><strong>redeundumfuerit,</strong></span> 
     </span>
     <span class='ocr_line' id='line_1_29' title="bbox 400 3986 1349 4075; baseline -0.006 -20"><span class='ocrx_word' id='word_1_193' title='bbox 400 3993 573 4075; x_wconf 83' lang='lat' dir='ltr'><strong>providete,</strong></span> <span class='ocrx_word' id='word_1_194' title='bbox 599 4004 635 4056; x_wconf 93' lang='lat' dir='ltr'><strong>ut</strong></span> <span class='ocrx_word' id='word_1_195' title='bbox 659 4011 717 4075; x_wconf 92' lang='lat' dir='ltr'><strong>per</strong></span> <span class='ocrx_word' id='word_1_196' title='bbox 743 3986 893 4051; x_wconf 80' lang='lat' dir='ltr'><strong>Cantium</strong></span> <span class='ocrx_word' id='word_1_197' title='bbox 920 4007 1030 4051; x_wconf 89' lang='lat' dir='ltr'><strong>secure</strong></span> <span class='ocrx_word' id='word_1_198' title='bbox 1055 3989 1189 4052; x_wconf 90' lang='lat' dir='ltr'><strong>transire</strong></span> <span class='ocrx_word' id='word_1_199' title='bbox 1216 3988 1349 4070; x_wconf 90' lang='lat' dir='ltr'><strong>possim,</strong></span> 
     </span>
     <span class='ocr_line' id='line_1_30' title="bbox 400 4086 1352 4175; baseline -0.007 -20"><span class='ocrx_word' id='word_1_200' title='bbox 400 4092 672 4175; x_wconf 88' lang='lat' dir='ltr'><strong>memineritisque</strong></span> <span class='ocrx_word' id='word_1_201' title='bbox 686 4089 855 4165; x_wconf 86' lang='lat' dir='ltr'><strong>minarum,</strong></span> <span class='ocrx_word' id='word_1_202' title='bbox 866 4095 899 4150; x_wconf 88' lang='lat' dir='ltr'><strong>et</strong></span> <span class='ocrx_word' id='word_1_203' title='bbox 909 4086 997 4150; x_wconf 86' lang='lat' dir='ltr'><strong>verbi</strong></span> <span class='ocrx_word' id='word_1_204' title='bbox 1013 4086 1099 4171; x_wconf 88' lang='lat' dir='ltr'><strong>quod</strong></span> <span class='ocrx_word' id='word_1_205' title='bbox 1114 4087 1204 4151; x_wconf 88' lang='lat' dir='ltr'><strong>vobis</strong></span> <span class='ocrx_word' id='word_1_206' title='bbox 1215 4086 1352 4174; x_wconf 86' lang='lat' dir='ltr'><strong>exposui</strong></span> 
     </span>
     <span class='ocr_line' id='line_1_31' title="bbox 401 4193 541 4255; baseline -0.007 -1"><span class='ocrx_word' id='word_1_207' title='bbox 401 4193 541 4255; x_wconf 87' lang='lat' dir='ltr'><strong>Parisiis.</strong></span> 
     </span>
    </p>
   </div>
   <div class='ocr_carea' id='block_1_8' title="bbox 0 0 1942 5725">
    <p class='ocr_par' dir='ltr' id='par_1_8' title="bbox 0 0 1942 5725">
     <span class='ocr_line' id='line_1_32' title="bbox 0 0 1942 5725; baseline 0 0"><span class='ocrx_word' id='word_1_208' title='bbox 0 0 1942 5725; x_wconf 95' lang='lat' dir='ltr'><strong> </strong></span> 
     </span>
    </p>
   </div>
  </div>
 </body>
</html>
