3875 5725
599 830 640 889 ot
856 839 995 885 roauurs
1010 837 1286 884 sinesannrrusrs
1456 818 1502 901 [a.
1523 840 1556 886 n.

601 992 640 1057 ad
662 992 731 1056 hrec
746 1005 867 1057 mentes
889 990 1066 1067 homiuum,
1082 1003 1113 1054 et
1129 989 1170 1053 ad
1190 987 1380 1053 conditionis
1394 1009 1460 1052 suae
1475 990 1561 1054 noti-

603 1094 677 1159 tiam
695 1093 897 1159 reducentur.

677 1356 902 1421 EPISTOLA
925 1357 1091 1420 Lll.-.tn
1105 1373 1264 1418 cnanrcos
1282 1373 1478 1418 axoxransrs

993 1473 1171 1520 EchESIAE.

779 1615 831 1679 Ad
845 1615 1009 1698 Populum
1026 1616 1158 1678 Pastore
1173 1615 1373 1678 destitutum.

644 1775 753 1840 char
768 1772 897 1838 orbitati
909 1786 1023 1838 vestrae
1038 1791 1171 1859 paterno
1186 1772 1415 1857 compatiamur
1430 1773 1559 1852 affectu,

601 1899 751 1962 magnum
768 1889 872 1940 tamen
889 1897 928 1938 ex
945 1898 982 1938 eo
998 1871 1142 1957 concepti
1162 1873 1281 1936 doloris
1303 1873 1455 1937 habemus
1476 1875 1558 1939 sola·

600 1979 693 2055 tium,
709 1978 795 2064 quod
818 1977 947 2040 beatum
971 1988 1093 2059 patrem
1117 1988 1257 2039 vestrum
1274 1975 1316 2038 ad
1338 1998 1475 2060 superna
1498 1981 1558 2042 mi-

599 2103 707 2165 grasse
729 2078 927 2154 confidimus,
949 2089 981 2139 et
1007 2075 1094 2161 apud
1119 2092 1241 2159 patrem
1270 2075 1555 2142 misericordiarum

600 2181 700 2245 solitis
715 2179 873 2265 precibus,
884 2177 936 2241 sed
950 2177 1088 2240 efficacia
1099 2178 1222 2263 majori,
1235 2179 1425 2263 patrocinari
1439 2180 1555 2265 poterit

599 2294 632 2347 et
647 2281 738 2344 nobis
753 2296 785 2346 et
800 2280 897 2345 robis.
933 2281 1095 2344 Caeterum
1113 2277 1188 2366 quia
1204 2279 1270 2342 sine
1285 2279 1425 2363 periculo
1439 2280 1557 2345 anima-

600 2405 683 2458 rum,
699 2404 870 2467 rerumque
892 2380 1071 2466 dispendio,
1088 2381 1226 2444 viduitas
1247 2379 1386 2445 ecclesiae
1405 2380 1555 2446 desolatae

600 2483 750 2571 protelari
773 2507 835 2547 nou
858 2495 975 2570 potest,
998 2482 1160 2547 caritatem
1185 2496 1320 2546 vestram
1341 2506 1500 2567 rogamus,
1521 2497 1554 2549 et

599 2584 806 2649 exhortamur
817 2583 847 2647 in
861 2583 1013 2661 Domino,
1026 2596 1062 2648 ut
1075 2584 1215 2668 idipsum
1232 2587 1372 2670 sapiatis,
1384 2598 1416 2648 et
1429 2608 1554 2650 omnem

600 2685 819 2750 scandalorum
835 2698 867 2750 et
889 2685 1067 2750 schismatis
1081 2687 1273 2749 occasionem
1295 2689 1380 2751 omni
1395 2710 1467 2750 cum
1484 2686 1555 2750 dili-

599 2786 707 2874 gentia
717 2785 893 2866 declinetis,
904 2785 1084 2850 incedentes
1093 2787 1298 2851 unanimesin
1308 2789 1403 2853 domo
1413 2788 1555 2867 Domini,

598 2904 630 2955 et
649 2913 722 2976 quae
742 2893 819 2956 Jesu
843 2889 962 2958 Christi
985 2901 1070 2970 sunt,
1093 2889 1225 2975 privatis
1247 2890 1419 2954 commodis
1440 2891 1555 2976 praefe-

598 3006 712 3057 rentes.
746 2997 820 3068 Quo
832 3017 918 3070 vero,
934 2993 1016 3056 sicut
1027 3004 1164 3078 oportet,
1177 2992 1303 3076 possitis
1313 2992 1344 3056 in
1357 2992 1555 3079 providendo

599 3093 690 3158 vobis
703 3108 827 3180 pastore
842 3092 1022 3179 procedere,
1034 3093 1236 3178 praecipimus
1251 3107 1409 3180 quatenus
1423 3093 1462 3157 ad
1478 3117 1556 3158 con-

600 3194 787 3260 servandum
804 3194 942 3259 ecclesiae
964 3215 1085 3277 pacem,
1103 3196 1265 3259 dominum
1287 3219 1406 3281 regern,
1422 3196 1554 3261 honesta

529 3369 536 3383 ⁶
600 3294 640 3359 de
655 3295 789 3379 collegio
801 3307 906 3358 vestro
921 3294 1077 3379 legatione
1093 3298 1286 3375 transmissa,
1298 3298 1429 3376 adeatis,
1445 3321 1554 3384 preces

599 3400 628 3462 ei
649 3397 816 3462 devotione
836 3396 946 3462 debita
965 3399 1173 3483 porrigentes,
1190 3413 1226 3464 nt
1247 3400 1394 3465 canonice
1414 3400 1553 3485 eligendi

601 3502 692 3565 vohis
718 3515 876 3587 pastorem
905 3500 1085 3565 libertatem
1110 3502 1272 3583 concedat,
1295 3518 1327 3568 et
1353 3504 1555 3570 destitutioni

598 3599 748 3678 ecclesiae,
764 3624 811 3678 ea,
827 3623 902 3685 quae
918 3599 1137 3666 Christianum
1152 3602 1327 3691 principem
1343 3604 1445 3681 decet¹
1462 3604 1554 3668 mise·

598 3704 719 3770 ratione
733 3703 909 3790 provideat.

671 3960 894 4024 EPISTOLA
916 3960 1099 4021 Uli-an
1113 3974 1344 4021 unumunurm
1360 3974 1481 4020 earam.

837 4116 977 4178 Domino
992 4115 1092 4195 Papo
1109 4114 1307 4176 Alexandro.

637 4250 869 4312 Vanananrms
890 4246 989 4310 frater
1011 4257 1119 4309 noster
1141 4245 1317 4309 Mauricius
1338 4247 1552 4331 Bangorensis

593 4342 774 4437 episcopus,
787 4345 939 4411 facultate
954 4361 986 4410 et
998 4346 1191 4431 possessione
1208 4347 1385 4429 tenuis,sed
1402 4349 1551 4436 opinione

594 4466 702 4518 nostra
717 4448 766 4514 vir
780 4447 957 4534 religiosus,
972 4461 1005 4512 et
1027 4448 1141 4513 timens
1164 4449 1351 4528 Dominum,
1375 4451 1550 4530 ecclesiam,
