3875 5725
493 829 684 908 llos-61]
871 848 1050 894 nsrsronn.
1398 839 1439 896 89

488 998 687 1081 Augustinus
713 1021 769 1062 nec
795 1021 866 1062 cum
892 1021 998 1062 sorore
1023 1000 1174 1071 clericum
1200 1000 1343 1064 babitare
1367 1025 1442 1064 oon-

488 1099 594 1178 sensit,
614 1123 651 1162 eo
672 1101 760 1184 quod
786 1122 858 1162 cum
885 1101 1047 1164 sororibus
1072 1101 1232 1165 interdum
1255 1102 1438 1167 cohabitent

489 1222 549 1261 non
566 1221 697 1280 sorores,
716 1202 783 1280 ubi,
798 1199 882 1266 sicut
898 1200 942 1266 ait
957 1201 1112 1266 ethnicus.

694 1359 815 1426 Cognato
827 1363 921 1430 poterit
932 1362 1036 1411 nomine
1047 1360 1123 1430 culpa
1134 1323 1199 1426 tegi.

489 1497 540 1557 Ex
557 1495 605 1558 bis
619 1517 696 1580 ergo
710 1496 849 1581 qualiter
871 1497 930 1560 tibi
951 1497 1111 1580 agendum
1133 1497 1185 1577 sit,
1199 1520 1272 1561 cum
1290 1497 1439 1571 Reniero,

488 1619 584 1681 quem
614 1619 685 1659 cum
717 1597 856 1682 quadam
894 1597 1055 1682 quondam
1086 1598 1255 1660 fornicaria
1284 1620 1342 1660 sua
1379 1598 1439 1661 sub

488 1699 610 1782 paterni
627 1697 776 1760 famulitii
797 1698 934 1783 imagine
955 1699 1100 1762 babitare
1121 1698 1283 1783 scripsisti,
1300 1711 1356 1761 tua
1376 1699 1439 1760 dis-

488 1800 587 1862 cretio
624 1801 751 1883 poterit,
780 1800 889 1864 habita
927 1799 1048 1863 ratione
1077 1821 1283 1883 personarum
1313 1801 1439 1866 facilius

489 1901 655 1980 moderari,
670 1925 765 1988 quam
786 1925 842 1965 nos
863 1903 982 1987 quibus
997 1922 1142 1986 personae
1163 1899 1281 1984 ignotae
1305 1915 1392 1978 sunt,
1408 1916 1440 1966 et

488 2003 595 2086 opinio
622 2025 836 2088 personarum.
888 2005 1001 2088 Neque
1030 2001 1111 2064 enim
1143 2000 1220 2086 quia
1245 2001 1440 2082 cohabitant,

487 2103 613 2167 eosdem
636 2104 784 2168 fornicari
805 2125 1000 2189 consequens
1022 2115 1081 2181 est,
1106 2124 1206 2188 quum
1230 2102 1351 2186 possint
1374 2107 1441 2168 Do-

487 2208 574 2268 mino
595 2206 789 2291 propitiante
812 2227 874 2268 non
898 2227 964 2268 esse
987 2203 1074 2290 quod
1095 2203 1239 2278 fuerunt,
1261 2218 1292 2268 et
1316 2218 1440 2270 erratus

487 2307 702 2391 praecedentes
717 2307 821 2372 delere
844 2306 1031 2392 poenitentia
1057 2304 1273 2391 subsequenti.
1318 2310 1438 2370 Verum

488 2407 513 2470 si
529 2431 670 2494 personae
693 2424 848 2495 suspectae
864 2422 950 2484 sunt,
966 2407 1006 2470 ad
1027 2407 1199 2491 legitimam
1215 2407 1438 2493 purgationem

489 2512 595 2594 urgeri
611 2525 764 2595 possunt:
789 2511 983 2596 demumque
998 2531 1093 2592 poena
1107 2522 1138 2572 et
1159 2509 1317 2573 absolutio
1331 2533 1439 2574 conse-

423 2602 426 2608 *
488 2626 617 2695 quetur,
629 2634 730 2696 quum
745 2612 924 2675 innocentia
938 2633 1046 2674 eorum
1063 2610 1095 2673 in
1107 2609 1230 2694 judicio
1246 2611 1440 2695 apparuerit,

488 2723 544 2772 aut
560 2724 678 2774 reatus.
724 2712 818 2787 Quod
834 2724 941 2774 autem
962 2711 1003 2772 de
1018 2711 1212 2794 juramento,
1227 2714 1314 2796 quod
1331 2735 1440 2776 secun-

488 2811 564 2876 dum
581 2812 840 2876 consuetudinem
863 2810 1093 2873 Lincolniensis
1115 2811 1253 2876 ecclesiae
1268 2827 1439 2896 praestatur

489 2914 530 2977 ab
546 2914 595 2977 bis
610 2914 667 2999 qui
682 2914 880 2991 ordinantur,
889 2912 1045 2997 adjecisti,
1058 2936 1120 2974 non
1137 2914 1333 2989 damnamus,
1351 2916 1437 3000 quod

489 3038 507 3078 a
529 3014 675 3100 patribus
695 3002 753 3101 qui
777 3014 809 3076 in
834 3037 870 3076 ea
891 3027 1121 3099 praecesserunt
1143 3014 1273 3077 ecclesia
1295 3016 1439 3081 meliores

489 3117 590 3194 nobis,
605 3117 776 3180 admissum
793 3130 850 3193 est,
866 3138 923 3178 nec
944 3116 1158 3201 approbamus
1178 3116 1320 3201 quidem,
1337 3141 1437 3202 quum

489 3241 526 3281 ex
543 3242 580 3281 eo
596 3218 717 3304 liqueat
731 3218 867 3281 maxime
887 3238 1013 3280 causam
1035 3217 1168 3301 periculi
1189 3230 1296 3282 natam
1313 3242 1390 3296 esse,
1406 3233 1437 3285 et

488 3320 613 3385 facilem
633 3321 794 3384 materiam
818 3319 949 3404 gravius
969 3318 1189 3404 delinquendi.
1235 3321 1307 3382 Non
1328 3320 1438 3406 itaque

488 3424 575 3508 quod
591 3435 752 3508 peccatum
770 3422 810 3487 sit
826 3444 941 3485 vovere
962 3420 1121 3496 sublimia,
1137 3420 1190 3483 sed
1207 3422 1284 3506 quia
1299 3425 1439 3487 bumana

488 3525 657 3590 infirmitas
677 3525 823 3590 “nititur
845 3525 876 3587 in
893 3524 1026 3588 vetitum
1045 3523 1197 3607 semper,’'
1211 3536 1243 3586 et
1265 3523 1351 3608 quod
1375 3546 1438 3587 non

488 3629 573 3705 licet,
597 3630 689 3693 etiam
711 3651 814 3714 quum
837 3627 1039 3691 acerbissime
1062 3626 1139 3700 urit,
1155 3639 1312 3711 acceptat:
1340 3629 1385 3688 sic
1406 3641 1439 3691 et

490 3731 558 3815 lege
587 3731 663 3795 data
689 3729 880 3794 subintravit
911 3738 943 3791 et
972 3727 1077 3812 culpa,
1110 3726 1307 3809 factumque,
1332 3739 1369 3788 ut
1393 3727 1438 3789 ait

489 3837 663 3919 apostoluS,
691 3853 788 3916 supra
813 3829 943 3892 modum
970 3849 1103 3913 peccans
1134 3837 1311 3909 peccatum,
1337 3848 1438 3909 quum

488 3935 670 3998 illicitorum
697 3932 907 4018 prohibitioni
929 3930 1014 3992 datae
1037 3927 1116 4012 legis
1138 3924 1267 3989 accessit
1291 3928 1440 4011 praevari-

489 4039 580 4099 catio.
627 4035 772 4099 Viderint
793 4044 936 4096 auctores
951 4042 983 4094 et
998 4030 1140 4092 fautores
1157 4028 1341 4112 juramenti,
1358 4029 1439 4113 quid

489 4134 629 4200 fecerint.
688 4136 822 4200 Utinam
852 4145 950 4196 cesset
986 4128 1217 4216 praevaricatio,
1247 4130 1439 4217 castitasque

491 4219 643 4309 servetur,
661 4252 697 4301 ut
715 4259 776 4301 non
792 4259 832 4299 ex
853 4229 1439 4319 delinquentium,praesidentiumque

492 4357 656 4413 consensu,
685 4338 834 4423 suscipiat
864 4340 945 4401 vires
975 4348 1153 4420 peccatum,
1185 4345 1216 4395 et
1247 4333 1439 4415 negligentia

492 4437 541 4501 vel
564 4436 685 4502 malitia
705 4438 951 4501 incrementum!
991 4440 1041 4499 De
1061 4435 1115 4498 illo
1136 4446 1244 4497 autem
1268 4430 1439 4510 sacerdote,
