3875 5725
596 864 655 924 los
847 881 990 926 aceruus
1005 881 1284 931 sanusncarsnsrs
1454 869 1498 948 [a.
1516 890 1547 933 n.

643 1079 865 1146 EPISTOLA
890 1081 1105 1261 CVI[lI.-nn
1120 1068 1351 1149 armannum
1367 1106 1487 1151 reatu.

972 1201 1001 1245 n.
1018 1201 1050 1245 n.
1069 1184 1177 1264 trau]

835 1333 978 1395 Domino
992 1331 1093 1414 Papa
1110 1333 1304 1397 Alaaondro·

629 1463 764 1527 Possum
785 1463 970 1530 temeritatis
992 1478 1024 1529 et
1044 1466 1234 1550 arrogantiae
1254 1470 1359 1551 argui,
1375 1468 1432 1552 qui
1454 1493 1545 1534 aures

588 1575 708 1627 vestras
723 1567 838 1630 totiens
854 1564 981 1649 pulsare
996 1588 1167 1650 praesumo,
1181 1566 1205 1630 si
1222 1566 1426 1631 timiditatem
1443 1593 1545 1634 meam

587 1665 687 1748 patris
708 1665 888 1751 benignitas
907 1688 971 1730 non
994 1666 1159 1743 excitaret,
1176 1680 1208 1732 et
1230 1691 1343 1732 ausum
1365 1692 1426 1732 non
1450 1695 1547 1736 excu-

584 1780 669 1832 saret
703 1768 853 1833 fraternoe
886 1767 1027 1833 caritatis
1067 1767 1217 1833 officium.
1272 1769 1432 1835 Suadente
1468 1796 1544 1858 ergo

584 1869 713 1957 pietatis
729 1883 840 1935 vestrae
856 1869 1036 1950 dulcedine,
1050 1883 1083 1935 et
1103 1884 1237 1955 urgente
1252 1876 1404 1959 pauperis
1421 1872 1543 1940 honesti

583 1984 618 2036 et
632 1970 765 2036 litterati
784 1970 982 2045 necessitate,
998 1972 1172 2055 majestatis
1188 1985 1301 2036 vestrae
1326 1974 1460 2060 pedibus
1476 1990 1543 2042 toto

584 2074 690 2139 animo
705 2072 905 2159 provolutus,
921 2094 1002 2156 quas
1021 2072 1094 2137 licet
1109 2073 1285 2139 clementiae
1305 2088 1419 2141 vestroe
1434 2101 1542 2164 preces

583 2175 693 2251 offero,
709 2175 861 2261 quatinus
875 2172 985 2238 latoris
999 2175 1205 2260 praesentium
1224 2200 1389 2262 personam
1406 2181 1542 2266 benigne

582 2277 742 2363 recipiatis
763 2290 794 2341 et
817 2298 956 2353 causam,
982 2281 1063 2341 etei
1086 2277 1234 2341 solatium
1258 2279 1332 2343 vitae
1350 2281 1539 2346 Senouensis

580 2376 809 2464 archiepiscopi
819 2375 967 2440 violentia
983 2399 1045 2440 non
1069 2377 1262 2460 permittatis
1277 2379 1406 2445 auferri.
1452 2383 1540 2459 Quid

576 2476 736 2564 justitiam
766 2478 835 2563 ejus
868 2476 1034 2562 impediat,
1062 2476 1131 2562 ipso
1164 2477 1333 2559 referente,
1365 2481 1392 2543 si
1421 2481 1539 2571 placet,

580 2580 730 2644 audietis.
776 2580 935 2643 Praeterea
955 2592 1132 2666 praecentor
1153 2580 1353 2657 senonensis,
1373 2595 1405 2647 et
1428 2585 1541 2649 hones-

581 2695 647 2749 tate
667 2704 803 2763 morum,
817 2693 850 2747 et
862 2682 1043 2748 litterarum
1066 2679 1257 2763 eruditione,
1272 2695 1303 2747 et
1319 2683 1459 2770 speciali,
1477 2710 1539 2772 qua

580 2797 685 2851 vester
704 2797 751 2849 est
771 2783 951 2863 devotione,
966 2784 1000 2848 in
1023 2797 1180 2871 quantum
1197 2784 1333 2872 aequitas
1348 2787 1540 2872 permiserit,

578 2888 698 2975 dignus
718 2899 765 2952 est
784 2887 938 2953 exaudiri.
978 2888 1073 2952 Nunc
1094 2888 1134 2952 ad
1155 2910 1206 2951 me
1226 2888 1331 2952 redeo.
1376 2890 1538 2976 Episcopo

579 2990 779 3065 Lexoviensi‚
790 3012 890 3076 quum
900 2989 1096 3054 excellentiae
1109 3002 1223 3053 vestrae
1234 2990 1338 3055 visum
1349 2991 1456 3068 fuerit,
1466 3016 1538 3077 gra-

579 3092 655 3157 tiam
672 3091 863 3177 rependetis,
878 3113 937 3177 pro
953 3115 991 3154 eo
1011 3091 1098 3176 quod
1114 3091 1147 3153 in
1169 3114 1219 3154 me
1234 3114 1361 3155 servum
1383 3106 1535 3168 vestrum,

578 3192 765 3256 serenissimi
795 3189 916 3253 domiui
946 3192 1032 3274 regis
1063 3203 1183 3254 tantam
1213 3193 1363 3257 conflavit
1391 3193 1536 3279 indigna-

579 3297 708 3371 tionem,
718 3303 755 3356 ut
764 3291 880 3353 morari
889 3292 922 3353 in
933 3290 1138 3375 Angliamihi
1149 3304 1254 3356 tutum
1267 3316 1329 3356 non
1342 3292 1394 3371 sit,
1407 3307 1438 3358 et
1451 3296 1537 3358 exire

576 3405 633 3459 aut
657 3389 851 3478 impossibile
878 3390 931 3466 sit,
954 3402 1011 3454 aut
1038 3389 1271 3454 difficillimum.
1317 3396 1413 3457 Senes
1435 3395 1534 3457 nostri

575 3494 748 3559 incolumes
767 3504 841 3557 sunt
863 3494 904 3556 ab
925 3490 1041 3555 abbate
1064 3474 1273 3576 Radingensi‚
1289 3492 1361 3556 licet
1384 3515 1440 3555 vos
1460 3515 1533 3558 cum

578 3598 703 3665 Thoma
726 3619 784 3662 suo
809 3592 1063 3658 circumvenerit.
1107 3592 1157 3658 Ad
1180 3616 1263 3679 opus
1285 3593 1327 3660 R.
1350 3594 1451 3659 nostri
1479 3599 1532 3660 vix

575 3698 699 3789 aliquid
720 3696 991 3784 extorquebimus.
1030 3695 1186 3761 Osbertus
1205 3694 1413 3761 Eboracensis
1433 3698 1534 3761 archi-

575 3800 727 3867 diaconus
746 3799 778 3864 in
800 3796 990 3884 purgatione
1012 3795 1139 3861 defecit.
1170 3796 1323 3883 Quisquis
1345 3796 1435 3862 vobis
1458 3821 1533 3883 sug·

571 3904 702 3991 gesserit
719 3900 810 3967 aliter
824 3922 888 3965 non
904 3898 1054 3963 credatis.

743 4117 984 4181 EPISTOLA
1008 4116 1193 4180 clx-m
1209 4136 1361 4181 nonnam.

815 4252 954 4315 Domino
968 4254 1072 4334 Papae
1087 4254 1281 4316 Ateaandro.

615 4391 775 4455 Annaeus
796 4385 928 4453 clericus
950 4383 992 4447 de
1015 4384 1172 4462 Lenbam,
1188 4385 1350 4450 ecclesiam
1373 4409 1465 4453 suam
1487 4387 1528 4451 de

571 4492 713 4562 Lenham
728 4484 920 4573 quibusdam
941 4485 1206 4553 decimationibus
1226 4487 1344 4575 injuste
1359 4489 1526 4575 spoliatam
