3875 5725
484 856 527 933 8'2
750 879 885 925 roanms
901 875 1182 923 sannsasmrnsrs
1347 859 1395 942 [n.
1415 880 1448 927 n.

487 1035 577 1099 tobia
592 1055 632 1098 ex
645 1031 818 1096 multorum
831 1029 965 1114 negotiis
978 1049 1088 1114 rapere
1099 1026 1306 1114 praecepistis.
1344 1032 1445 1097 Nunc

488 1148 594 1200 'autem
617 1137 694 1221 quia
715 1131 824 1198 latoris
850 1131 1057 1218 praesentium
1081 1128 1236 1195 Willelmi
1260 1132 1445 1198 necessitati

487 1237 595 1302 deesse
624 1259 686 1301 non
716 1234 819 1321 potui,
843 1233 1001 1319 majestati
1024 1241 1138 1295 vestrae
1166 1245 1290 1319 quanta
1310 1255 1444 1318 possum

487 1337 666 1412 devotione,
697 1348 787 1401 tanta
815 1347 921 1399 mente
950 1333 1087 1419 pedibus
1116 1334 1230 1398 vestris
1259 1346 1444 1420 prostratus

488 1439 643 1525 supplico,
675 1450 711 1501 ut
738 1436 899 1500 laboribus
929 1437 999 1520 ejus
1028 1457 1113 1500 nnnc
1136 1436 1263 1500 tandem
1293 1435 1442 1501 debitum

488 1539 581 1602 finem
598 1536 785 1624 imponatis;
806 1537 873 1622 jam
896 1536 979 1600 enim
1000 1536 1139 1599 secundo
1160 1534 1200 1598 ad
1223 1534 1327 1599 sedem
1352 1539 1444 1622 Apo-

489 1639 629 1705 stolicam
646 1637 817 1705 adversarii
833 1637 881 1701 sui
902 1637 1023 1701 malitia
1037 1636 1188 1712 trabitur,
1204 1639 1260 1722 qui
1277 1636 1317 1700 ad
1334 1638 1443 1724 appel.

486 1740 618 1806 landum
644 1740 748 1816 velox,
771 1740 811 1804 ad
835 1740 1092 1826 prosequendum
1124 1737 1247 1815 tardus,
1278 1755 1440 1804 sacrorum

488 1852 645 1910 canonum
655 1860 717 1910 non
730 1845 830 1930 magis
841 1844 980 1928 ignarus,
992 1862 1088 1926 quam
1105 1853 1316 1926 contemptor,
1333 1842 1442 1908 fautor

420 2018 423 2025 ¹
488 1947 597 2024 curia,
620 1960 803 2032 persecutor
824 1943 976 2018 ecclesiae,
1000 1941 1152 2026 suffragio
1175 1940 1362 2006 secularium
1385 1961 1442 2029 po-

489 2060 653 2122 testatum,
678 2043 853 2108 Catholicae
877 2043 1008 2107 unitatis
1030 2043 1129 2107 robur
1143 2042 1258 2108 nititur
1280 2066 1439 2109 enervare.

490 2150 563 2210 Hoc
592 2167 675 2209 novo
697 2141 964 2229 tergiversationis
995 2165 1109 2226 genere
1131 2156 1287 2209 nostrates
1310 2145 1441 2212 instruit

488 2245 528 2311 'ad
546 2250 723 2311 Romanum
741 2244 933 2331 pontificem,
947 2257 980 2308 et
997 2267 1102 2327 regem
1119 2258 1150 2309 et
1166 2247 1307 2330 reginam
1323 2247 1443 2332 pariter

488 2346 706 2433 appellarant
719 2370 777 2432 pro
784 2346 961 2411 reverentia
971 2358 1085 2426 vestra,
1095 2345 1314 2432 episcoporum
1327 2369 1443 2414 manua

488 2448 631 2533 effugiat,
653 2462 685 2513 et
708 2449 792 2534 regis
808 2448 856 2511 vel
881 2448 998 2533 reginae
1015 2447 1265 2532 indignationem
1291 2465 1441 2532 provocet

489 2548 529 2612 ad
550 2549 760 2615 innocentiam
781 2551 1016 2614 conterendam.

658 2725 877 2788 EPISTOLA
903 2725 1097 2787 xxm-m
1112 2743 1266 2787 nonnam.

827 2841 975 2905 Adriano
990 2840 1105 2922 Popoe.

533 2959 733 3052 Smnnrrnm,
749 2960 837 3047 quod
854 2960 930 3022 mibi
947 2958 1135 3037 indixeram,
1151 2958 1337 3022 venerabilis
1352 2973 1443 3043 pater

488 3063 626 3130 Eliansis
642 3064 807 3149 episcopus
823 3060 1005 3146 interrupit,
1021 3061 1079 3145 qui
1090 3082 1139 3122 me
1155 3059 1311 3144 majestati
1326 3071 1441 3124 ve'strae

488 3164 666 3228 devotionis
678 3185 744 3226 suae
759 3160 876 3223 indicia
885 3161 1039 3245 compulit
1051 3161 1207 3226 nuntiare.
1232 3162 1345 3227 Credit
1357 3162 1441 3225 enim

489 3277 521 3325 se
537 3284 629 3347 posse
638 3260 724 3345 apud
737 3258 937 3323 eminentiam
954 3274 1090 3324 vestram
1104 3260 1247 3325 fidelium
1263 3275 1441 3327 vestrorum

488 3360 669 3426 testimonio
691 3373 721 3423 et
742 3360 963 3423 intercessione
981 3361 1101 3445 juvari,
1118 3376 1150 3428 et
1172 3362 1247 3449 quia
1264 3362 1442 3426 devotionis

490 3473 556 3528 suae
585 3462 680 3525 fidem
712 3462 788 3525 mibi
819 3476 923 3527 vestra
951 3463 1076 3548 gerenti
1105 3468 1244 3549 negotia,
1274 3463 1443 3528 manifesta

489 3567 594 3653 operis
607 3564 801 3629 exhibitione
813 3566 1018 3631 monstravit:
1044 3567 1205 3631 serenitati
1215 3576 1328 3632 vestrae
1339 3579 1443 3631 atten-

489 3681 542 3733 tus
557 3666 712 3755 supplico,
729 3679 766 3732 ut
781 3666 809 3729 ei
824 3667 960 3752 gratiam
976 3667 1063 3730 illam
1073 3667 1225 3751 integram
1242 3667 1443 3744 conservetis,

489 3794 586 3855 quam
602 3793 621 3834 a
636 3768 831 3853 benignitate
841 3782 945 3832 vestra
960 3769 1149 3854 promeruit,
1161 3782 1331 3855 antequam
1348 3791 1443 3855 super

488 3874 594 3959 capita
607 3873 748 3936 filiorum
771 3870 934 3935 hominum
952 3870 1101 3934 thronum
1121 3884 1263 3934 vestrum
1285 3869 1444 3935 Dominus

489 3973 653 4038 exaltaret.
699 3972 785 4037 Petit
808 3975 868 4037 hoc
891 3973 995 4058 ipsum
1019 3973 1165 4037 dominus
1192 3971 1443 4048 cantuariensis,

489 4071 577 4156 apud
592 4095 686 4155 quem
699 4086 828 4136 centum
839 4096 959 4137 marcas
970 4074 1193 4157 sterlingorum
1206 4072 1352 4159 deposui,
1362 4094 1443 4158 quas

489 4166 530 4235 'ad
546 4172 730 4235 mandatum
741 4179 882 4236 vestrum
897 4173 1097 4258 implendum
1109 4198 1128 4237 a
1140 4175 1278 4261 praefato
1293 4178 1442 4260 episcopo

489 4290 680 4353 acceperam.
706 4269 833 4331 Pronus
844 4269 974 4354 quidem
988 4284 1034 4334 est
1050 4271 1082 4333 in
1098 4272 1287 4357 obsequium
1300 4285 1442 4337 vestrum

490 4382 682 4433 memoratus
704 4368 883 4454 episcopus,
908 4368 962 4433 sed
986 4370 1079 4455 longe
1101 4371 1230 4457 pronior
1252 4372 1326 4449 erit,
1357 4376 1383 4436 si
1413 4373 1441 4435 ei

491 4471 665 4535 clementiae
701 4479 814 4533 vestrae
844 4468 1043 4534 dulcedinem
1075 4472 1290 4557 porrexeritis,
1323 4495 1443 4537 memor
