3875 5725
580 813 638 872 192
837 826 973 871 tornius
990 825 1269 871 sanusnenrsnsrs
1434 811 1479 893 [a.
1501 830 1532 880 n.

677 975 739 1026 Non
752 980 793 1026 est
805 977 831 1026 in
845 975 949 1028 Medico
962 992 1063 1046 semper
1075 975 1202 1027 relevetur
1214 980 1244 1026 ut
1255 993 1337 1043 aeger:

676 1059 811 1111 Interdum
823 1060 899 1111 docta
910 1058 967 1129 plus
980 1058 1051 1110 valet
1062 1064 1118 1110 arte
1130 1059 1237 1111 malum.

607 1280 828 1344 EPISTOLA
854 1281 1109 1345 CXXXV.-an
1126 1299 1306 1343 carnonam
1325 1300 1488 1345 caraunu-

869 1398 1004 1443 uausau
1021 1398 1220 1443 nnrscovnu.

762 1541 906 1604 Gnidoni
922 1539 1159 1602 Catalannenei
1174 1541 1329 1620 episcopo.

612 1677 762 1739 Gaanlas
779 1697 839 1757 ago
856 1674 1038 1758 paternitati
1053 1684 1176 1749 vestrae,
1192 1694 1265 1755 quae
1281 1675 1380 1738 mein
1405 1678 1521 1741 oblatae

567 1779 796 1842 consolationis
811 1778 911 1859 gratia
927 1776 1058 1857 dignata
1069 1786 1117 1837 est
1132 1776 1318 1857 praevenire:
1342 1778 1521 1862 etquidem

566 1884 655 1942 tanto
665 1899 715 1941 me
725 1888 827 1941 vestra
836 1876 1017 1956 benignitas
1029 1873 1069 1937 ad
1079 1874 1270 1956 obsequium
1281 1897 1373 1938 suum
1382 1878 1520 1960 amplius

566 1980 728 2057 animavit,
743 1989 861 2062 quanto
880 1977 1054 2039 liberalitas
1070 1987 1172 2039 vestra
1189 1998 1255 2039 non
1272 1978 1367 2042 modo
1381 2001 1424 2042 ex
1439 1982 1520 2044 rela-

565 2081 652 2143 tione
675 2080 768 2142 amici
784 2078 878 2141 vestri
894 2077 1018 2139 abbatis
1034 2077 1137 2139 sancti
1151 2079 1302 2160 Remigii,
1319 2102 1426 2143 verum
1447 2082 1521 2165 ipsa

564 2181 670 2264 operis
692 2179 890 2242 exhibitione
916 2177 1043 2240 fidelius
1065 2179 1247 2243 innotescit.
1288 2183 1385 2245 Esset
1409 2192 1517 2246 autem

562 2277 723 2344 laudabile
738 2279 824 2362 apud
839 2279 997 2355 homines,
1009 2287 1043 2341 et
1057 2281 1162 2360 magui
1179 2282 1280 2344 meriti
1296 2281 1381 2365 apud
1398 2283 1516 2363 Deum,

562 2380 595 2442 in
606 2380 692 2442 ulnis
702 2377 929 2441 misericordiae
941 2378 1121 2441 venientem
1136 2376 1284 2463 excipere
1295 2383 1514 2465 peregrinum:

562 2479 619 2545 sed
644 2481 740 2561 longe
765 2478 935 2559 gloriosius
959 2490 992 2542 et
1014 2479 1228 2564 proculdubio
1250 2484 1514 2548 remunerabilius

562 2592 611 2647 est
634 2583 775 2659 exulem,
793 2582 859 2643 imo
882 2602 940 2663 pro
965 2583 1119 2656 Domino,
1141 2594 1173 2646 et
1194 2580 1341 2648 libertate
1364 2587 1512 2649 ecclesiae

560 2685 746 2748 exulantem
770 2682 811 2746 ad
834 2684 990 2746 bonorum
1013 2685 1215 2768 participium
1237 2685 1380 2750 inritare.
1424 2687 1513 2758 Quid

561 2807 637 2868 ergo
653 2784 694 2847 ad
709 2785 778 2848 haec
795 2783 996 2868 respondebo
1014 2783 1144 2847 domino
1159 2783 1253 2848 meo?
1282 2784 1347 2848 Sed
1366 2787 1511 2869 prolecto

558 2888 682 2952 caritati
698 2897 808 2950 vestrae
826 2884 1033 2969 respondebit
1047 2886 1240 2963 Altissimus,
1257 2888 1393 2971 quinon
1412 2888 1510 2953 modo

557 3009 655 3073 opera
675 3010 835 3065 manuum,
852 2988 907 3050 sed
931 2989 1020 3050 uberi
1038 2988 1243 3051 retributione
1262 2990 1296 3050 in
1313 2990 1424 3053 electis
1440 2992 1508 3053 suis

556 3092 674 3154 bonam
689 3099 869 3154 remunerat
884 3090 1089 3152 voluntatem.
1130 3092 1174 3167 Is,
1189 3090 1388 3154 serenissime
1403 3101 1505 3175 pater,

552 3190 581 3253 is
603 3211 699 3274 super
720 3211 777 3252 vos
798 3190 919 3272 aperiet
942 3191 1054 3252 oculos
1079 3191 1304 3254 misericordiis
1329 3213 1406 3268 suae,
1430 3194 1506 3275 quia

551 3311 608 3352 vos
627 3291 659 3350 in
677 3311 727 3351 me
745 3305 871 3372 apertos
886 3291 999 3351 oculos
1016 3290 1181 3353 habuistis.
1219 3293 1292 3373 Ego
1306 3315 1391 3369 vero,
1408 3316 1504 3377 quam

552 3392 617 3455 cito
632 3402 745 3473 potero
766 3391 922 3474 expediri,
938 3392 1060 3455 veniam
1079 3393 1121 3456 ad
1137 3415 1192 3457 vos
1213 3395 1366 3475 gaudens,
1382 3398 1408 3460 si
1422 3398 1501 3460 mihi

551 3511 701 3574 umquam
722 3489 874 3552 divinitus
893 3491 1044 3553 collatum
1067 3493 1172 3571 suerit,
1189 3505 1224 3556 ut
1246 3507 1358 3560 vestrae
1380 3498 1499 3561 valeam

551 3592 682 3676 obsequi
700 3592 863 3654 voluntati.

589 3870 810 3935 EPISTOLA
834 3868 1321 3933 CXXXVI.-earn1ansarrs
1337 3890 1453 3934 sanem

738 3988 876 4031 anursn
890 3988 1013 4032 Ansam
1029 3989 1146 4033 sanem
1162 3991 1301 4034 suanm.

586 4121 774 4183 Anrcoaun
801 4119 898 4181 fidem
921 4121 1071 4182 articulus
1097 4120 1297 4187 necessitatis
1321 4125 1494 4199 examinat,

542 4238 575 4291 et
585 4242 649 4305 qua
658 4219 794 4302 quisque
808 4231 969 4281 moveatur
978 4220 1019 4282 ad
1031 4221 1127 4283 alium
1139 4225 1309 4288 affectione
1323 4228 1493 4291 convincit.

542 4325 645 4393 Nobis
653 4319 831 4401 autem,qui
839 4319 1032 4402 jampridem
1044 4331 1144 4384 totum
1154 4326 1295 4389 animum
1308 4328 1494 4392 devovimus

539 4424 693 4511 obsequio
709 4426 823 4497 vestro,
846 4420 1059 4506 devotumque
1084 4425 1225 4488 Domino
1241 4441 1369 4493 auctore
1391 4431 1493 4493 invio-
