3875 5725
416 854 612 933 llos-64]
803 872 982 919 urrsronn.
1312 864 1369 923 171

301 1040 305 1046 “
413 1046 537 1089 summa
551 1021 751 1098 difficultate,
767 1023 799 1086 in
821 1045 918 1087 manu
943 1023 1063 1102 valida,
1078 1038 1110 1089 et
1134 1047 1209 1091 cum
1224 1026 1372 1111 indigna-

415 1127 500 1191 tione
516 1125 611 1210 regis,
627 1138 659 1189 et
674 1124 816 1189 omnium
839 1148 1019 1212 procerum,
1031 1126 1222 1213 jamdictam
1242 1151 1371 1194 causam

415 1226 456 1290 ad
470 1249 604 1290 examen
619 1224 867 1290 ecclesiasticum
890 1227 1119 1293 revocavimus.
1168 1230 1277 1306 Quum
1294 1252 1372 1314 ergo

414 1328 699 1395 intervenientibus
715 1327 826 1392 multis
841 1327 1047 1394 dilationibus
1061 1331 1198 1415 quaestio
1213 1353 1253 1394 ex
1268 1353 1374 1395 neces-

416 1430 508 1494 sitate
524 1438 686 1514 protracta
708 1441 799 1504 esset,
815 1442 848 1495 et
868 1442 967 1510 actor,
991 1433 1023 1494 S.
1046 1431 1173 1508 scilicet,
1196 1432 1371 1496 secundum

418 1530 630 1596 subtilitatem
661 1528 767 1615 legum
798 1542 829 1593 et
859 1553 1016 1596 canonum
1044 1531 1280 1598 accusationem
1309 1555 1372 1597 uon

416 1644 523 1720 posset
537 1632 681 1717 implere,
705 1630 857 1716 inspectis
878 1632 974 1695 sacris
989 1633 1161 1698 canonibus
1176 1633 1216 1701 de
1239 1634 1371 1697 consilio

415 1733 785 1799 venerabiliumsratrum
795 1746 975 1796 nostrorum
984 1732 1116 1798 Ricardi
1126 1734 1371 1812 Londonieusis‚

418 1834 533 1899 Hilarii
545 1835 761 1912 cicestrensis,
771 1837 793 1898 J
793 1833 869 1898 ocel.
883 1834 1139 1912 Saresberiensis‚
1151 1836 1287 1899 Roberti
1303 1838 1371 1900 Ex-

416 1936 553 2001 oniensis
575 1936 808 2022 episcoporum,
829 1946 861 2000 et
876 1935 1010 2000 aliorum
1035 1937 1215 2022 sapientum
1235 1936 1293 2022 qui
1315 1935 1372 2000 ad-

418 2049 518 2116 erant,
542 2039 619 2125 quia
641 2038 774 2103 verbum
797 2037 886 2102 istud
911 2061 969 2124 per
990 2050 1090 2102 totam
1111 2037 1246 2102 insulam
1267 2037 1374 2105 divul-

417 2139 567 2222 gabatur,
592 2139 749 2226 jamdicto
778 2138 1000 2202 archidiacono
1022 2138 1244 2224 purgationem
1267 2138 1375 2204 indix-

416 2241 499 2304 imus
523 2242 619 2307 trium
643 2264 738 2305 mauu
759 2241 1066 2317 archidiaconorum,
1089 2239 1242 2304 adhibitis
1265 2264 1372 2305 secum

416 2341 485 2405 aliis
507 2356 647 2428 quatuor
672 2342 823 2418 diaconis,
847 2341 932 2405 diem
953 2340 1147 2428 praestandae
1170 2341 1371 2426 purgationis

417 2444 637 2528 praefinientes,
648 2468 713 2532 qua
724 2443 908 2508 imminente
920 2441 1050 2506 accessit
1062 2441 1103 2506 ad
1114 2454 1371 2507 nosmemoratus

416 2547 667 2624 archidiaconus,
697 2547 804 2611 dicens
843 2569 876 2610 se
906 2544 1000 2609 malle
1036 2543 1245 2608 innocentiam
1282 2566 1371 2609 suam

416 2648 633 2713 demonstrare
648 2651 681 2713 in
695 2649 776 2712 facie
791 2647 930 2712 ecclesiae
951 2649 1117 2722 Romanae,
1133 2645 1286 2731 adquam
1302 2668 1371 2709 ver·

417 2750 494 2813 bum
511 2749 594 2813 forte
608 2762 806 2835 pervenerat,
823 2772 855 2812 se
870 2761 901 2812 et
924 2748 1030 2812 omnia
1046 2770 1104 2811 sua
1119 2759 1232 2812 vestrae
1248 2759 1371 2832 proteo-

418 2849 497 2916 tioui
512 2848 694 2935 subjiciens,
710 2864 741 2915 et
757 2849 948 2916 auctoritate
967 2847 1141 2936 apostolica
1155 2847 1315 2926 inhibens,
1330 2871 1370 2916 ne.

419 2957 452 3019 in
483 2953 644 3020 laesionem
674 2954 744 3039 ejus
774 2955 940 3038 quippiam
962 2952 1003 3016 ab
1032 2953 1142 3038 aliquo
1168 2960 1369 3018 statueretur.

419 3061 551 3146 Adjecit
573 3061 668 3123 etiam
691 3056 779 3142 quod
802 3056 834 3120 in
856 3056 978 3121 octavis
997 3057 1190 3144 Epiphaniae
1212 3078 1245 3119 se
1266 3068 1372 3122 vestro

417 3160 599 3245 conspectui
615 3156 827 3245 praesentabit.
873 3160 941 3222 Nos
955 3181 1044 3242 ergo,
1065 3170 1103 3221 ut
1117 3156 1271 3243 oportuit,
1295 3180 1371 3244 apo·

419 3261 539 3325 stolicae
548 3256 705 3347 majestati
713 3259 889 3324 deferentes
900 3258 1117 3324 definitionem
1127 3259 1247 3345 negotii
1257 3272 1370 3325 vestrm

420 3362 649 3426 reservavimus
661 3358 830 3424 sanctitati.

554 3673 780 3738 EPISTOLA
808 3672 1060 3736 CXXHL-au
1075 3690 1229 3734 uuuunu.

656 3824 797 3886 Domino
811 3822 913 3901 Popae
927 3819 1125 3883 Alexandro.

460 3964 512 4024 Au
528 3960 588 4023 hoc
603 3956 821 4021 exceltentiam
833 3964 971 4017 vestram
986 3950 1084 4035 capiti
1101 3947 1242 4014 omnium
1259 3951 1371 4016 Eccle-

417 4059 531 4123 siarum
543 4057 710 4143 dispositio
718 4054 826 4118 divina
837 4052 992 4139 praefecit,
1000 4065 1048 4130 ut,
1058 4052 1276 4118 exterminatis
1285 4052 1372 4120 vitiis

419 4159 563 4222 dedomo
572 4159 713 4235 Domini,
725 4157 826 4222 virtus
833 4154 1016 4243 jucundum
1025 4155 1130 4241 capiat
1140 4152 1369 4221 incrementum

421 4275 453 4324 et
469 4274 505 4323 ut
527 4261 750 4343 imperfectum
772 4260 871 4324 totius
893 4255 1113 4335 humanitatis,
1130 4269 1244 4323 vestrae
1259 4259 1371 4346 majes-

421 4361 493 4426 tatis
523 4360 670 4446 suppleat
699 4373 919 4426 consummata
948 4359 1109 4446 perfectio.
1165 4361 1268 4426 Causa
1296 4382 1370 4443 quie

420 4462 557 4528 vertitur
580 4463 661 4525 inter
687 4461 818 4528 dilectos
844 4463 958 4529 fratres
985 4474 1109 4528 nostros
1142 4459 1223 4524 Rad.
1248 4458 1370 4526 Dunel·
