<?xml version="1.0" encoding="UTF-8"?>
<!DOCTYPE html PUBLIC "-//W3C//DTD XHTML 1.0 Transitional//EN"
    "http://www.w3.org/TR/xhtml1/DTD/xhtml1-transitional.dtd">
<html xmlns="http://www.w3.org/1999/xhtml" xml:lang="en" lang="en">
 <head>
  <title>
</title>
<meta http-equiv="Content-Type" content="text/html;charset=utf-8" />
  <meta name='ocr-system' content='tesseract 3.04.00' />
  <meta name='ocr-capabilities' content='ocr_page ocr_carea ocr_par ocr_line ocrx_word'/>
</head>
<body>
  <div class='ocr_page' id='page_1' title='image "./joannissaresber01johngoog_0076.png"; bbox 0 0 3875 5725; ppageno 0'>
   <div class='ocr_carea' id='block_1_1' title="bbox 590 832 1540 906">
    <p class='ocr_par' dir='ltr' id='par_1_1' title="bbox 590 832 1540 906">
     <span class='ocr_line' id='line_1_1' title="bbox 590 832 1540 906; baseline -0.005 -7"><span class='ocrx_word' id='word_1_1' title='bbox 590 838 633 899; x_wconf 72' lang='grc'><strong>68</strong></span> <span class='ocrx_word' id='word_1_2' title='bbox 840 849 977 896; x_wconf 82' lang='lat' dir='ltr'><strong>roaurus</strong></span> <span class='ocrx_word' id='word_1_3' title='bbox 991 848 1266 894; x_wconf 80' lang='lat' dir='ltr'><strong>snnssnaaruusrs</strong></span> <span class='ocrx_word' id='word_1_4' title='bbox 1441 832 1488 906; x_wconf 76' lang='lat' dir='ltr'><strong>[a.</strong></span> <span class='ocrx_word' id='word_1_5' title='bbox 1507 849 1540 894; x_wconf 87' lang='lat' dir='ltr'><strong>n.</strong></span> 
     </span>
    </p>
   </div>
   <div class='ocr_carea' id='block_1_2' title="bbox 589 999 1542 1594">
    <p class='ocr_par' dir='ltr' id='par_1_2' title="bbox 589 999 1542 1594">
     <span class='ocr_line' id='line_1_2' title="bbox 591 999 1542 1086; baseline -0.003 -18"><span class='ocrx_word' id='word_1_6' title='bbox 591 1006 706 1068; x_wconf 80' lang='lat' dir='ltr'><strong>Rotam</strong></span> <span class='ocrx_word' id='word_1_7' title='bbox 722 1002 847 1080; x_wconf 83' lang='lat' dir='ltr'><strong>habete,</strong></span> <span class='ocrx_word' id='word_1_8' title='bbox 862 1003 887 1066; x_wconf 87' lang='lat' dir='ltr'><strong>si</strong></span> <span class='ocrx_word' id='word_1_9' title='bbox 904 1001 1019 1086; x_wconf 90' lang='lat' dir='ltr'><strong>placet,</strong></span> <span class='ocrx_word' id='word_1_10' title='bbox 1034 999 1272 1086; x_wconf 81' lang='lat' dir='ltr'><strong>dispositionem</strong></span> <span class='ocrx_word' id='word_1_11' title='bbox 1290 1021 1403 1076; x_wconf 87' lang='lat' dir='ltr'><strong>meam,</strong></span> <span class='ocrx_word' id='word_1_12' title='bbox 1419 1012 1452 1064; x_wconf 90' lang='lat' dir='ltr'><strong>et</strong></span> <span class='ocrx_word' id='word_1_13' title='bbox 1467 1022 1542 1065; x_wconf 88' lang='lat' dir='ltr'><strong>eam</strong></span> 
     </span>
     <span class='ocr_line' id='line_1_3' title="bbox 589 1100 1542 1186; baseline -0.003 -17"><span class='ocrx_word' id='word_1_14' title='bbox 589 1103 778 1169; x_wconf 81' lang='lat' dir='ltr'><strong>transmissis</strong></span> <span class='ocrx_word' id='word_1_15' title='bbox 792 1103 832 1168; x_wconf 90' lang='lat' dir='ltr'><strong>ad</strong></span> <span class='ocrx_word' id='word_1_16' title='bbox 848 1103 996 1168; x_wconf 85' lang='lat' dir='ltr'><strong>officiales</strong></span> <span class='ocrx_word' id='word_1_17' title='bbox 1006 1111 1127 1166; x_wconf 86' lang='lat' dir='ltr'><strong>vestros</strong></span> <span class='ocrx_word' id='word_1_18' title='bbox 1140 1101 1326 1186; x_wconf 86' lang='lat' dir='ltr'><strong>patentibus</strong></span> <span class='ocrx_word' id='word_1_19' title='bbox 1337 1100 1450 1166; x_wconf 89' lang='lat' dir='ltr'><strong>litteris</strong></span> <span class='ocrx_word' id='word_1_20' title='bbox 1465 1125 1542 1166; x_wconf 90' lang='lat' dir='ltr'><strong>con-</strong></span> 
     </span>
     <span class='ocr_line' id='line_1_4' title="bbox 589 1202 1542 1292; baseline -0.002 -21"><span class='ocrx_word' id='word_1_21' title='bbox 589 1206 723 1272; x_wconf 86' lang='lat' dir='ltr'><strong>firmate.</strong></span> <span class='ocrx_word' id='word_1_22' title='bbox 767 1206 882 1292; x_wconf 84' lang='lat' dir='ltr'>Neque</span> <span class='ocrx_word' id='word_1_23' title='bbox 910 1205 994 1269; x_wconf 90' lang='lat' dir='ltr'><strong>enim</strong></span> <span class='ocrx_word' id='word_1_24' title='bbox 1024 1204 1195 1290; x_wconf 92' lang='lat' dir='ltr'><strong>quicquam</strong></span> <span class='ocrx_word' id='word_1_25' title='bbox 1218 1202 1288 1266; x_wconf 91' lang='lat' dir='ltr'><strong>auri</strong></span> <span class='ocrx_word' id='word_1_26' title='bbox 1317 1217 1459 1289; x_wconf 76' lang='lat' dir='ltr'><strong>superest</strong></span> <span class='ocrx_word' id='word_1_27' title='bbox 1491 1205 1542 1269; x_wconf 84' lang='lat' dir='ltr'><strong>rel</strong></span> 
     </span>
     <span class='ocr_line' id='line_1_5' title="bbox 590 1304 1542 1394; baseline -0.002 -22"><span class='ocrx_word' id='word_1_28' title='bbox 590 1310 726 1394; x_wconf 81' lang='lat' dir='ltr'><strong>argenti,</strong></span> <span class='ocrx_word' id='word_1_29' title='bbox 747 1306 803 1372; x_wconf 84' lang='lat' dir='ltr'><strong>sed</strong></span> <span class='ocrx_word' id='word_1_30' title='bbox 825 1306 974 1372; x_wconf 82' lang='lat' dir='ltr'><strong>victualia</strong></span> <span class='ocrx_word' id='word_1_31' title='bbox 993 1318 1118 1370; x_wconf 88' lang='lat' dir='ltr'><strong>tantum</strong></span> <span class='ocrx_word' id='word_1_32' title='bbox 1141 1317 1174 1370; x_wconf 92' lang='lat' dir='ltr'><strong>et</strong></span> <span class='ocrx_word' id='word_1_33' title='bbox 1190 1328 1263 1390; x_wconf 85' lang='lat' dir='ltr'><strong>quae</strong></span> <span class='ocrx_word' id='word_1_34' title='bbox 1285 1327 1401 1389; x_wconf 83' lang='lat' dir='ltr'><strong>magno</strong></span> <span class='ocrx_word' id='word_1_35' title='bbox 1423 1304 1542 1370; x_wconf 91' lang='lat' dir='ltr'><strong>damno</strong></span> 
     </span>
     <span class='ocr_line' id='line_1_6' title="bbox 590 1405 1542 1496; baseline -0.003 -21"><span class='ocrx_word' id='word_1_36' title='bbox 590 1423 740 1496; x_wconf 91' lang='lat' dir='ltr'><strong>poterunt</strong></span> <span class='ocrx_word' id='word_1_37' title='bbox 755 1432 821 1475; x_wconf 89' lang='lat' dir='ltr'><strong>esse</strong></span> <span class='ocrx_word' id='word_1_38' title='bbox 836 1412 950 1473; x_wconf 89' lang='lat' dir='ltr'><strong>amissa</strong></span> <span class='ocrx_word' id='word_1_39' title='bbox 964 1407 1173 1494; x_wconf 82' lang='lat' dir='ltr'><strong>pauperibus,</strong></span> <span class='ocrx_word' id='word_1_40' title='bbox 1189 1420 1221 1472; x_wconf 90' lang='lat' dir='ltr'><strong>et</strong></span> <span class='ocrx_word' id='word_1_41' title='bbox 1236 1406 1327 1472; x_wconf 84' lang='lat' dir='ltr'><strong>vobis</strong></span> <span class='ocrx_word' id='word_1_42' title='bbox 1341 1405 1432 1471; x_wconf 91' lang='lat' dir='ltr'><strong>nullo</strong></span> <span class='ocrx_word' id='word_1_43' title='bbox 1446 1419 1542 1473; x_wconf 92' lang='lat' dir='ltr'><strong>erunt</strong></span> 
     </span>
     <span class='ocr_line' id='line_1_7' title="bbox 589 1511 1032 1594; baseline 0.002 -18"><span class='ocrx_word' id='word_1_44' title='bbox 589 1513 812 1594; x_wconf 88' lang='lat' dir='ltr'><strong>emolumento,</strong></span> <span class='ocrx_word' id='word_1_45' title='bbox 827 1513 877 1577; x_wconf 86' lang='lat' dir='ltr'><strong>vel</strong></span> <span class='ocrx_word' id='word_1_46' title='bbox 893 1511 1032 1577; x_wconf 90' lang='lat' dir='ltr'><strong>minimo.</strong></span> 
     </span>
    </p>
   </div>
   <div class='ocr_carea' id='block_1_3' title="bbox 634 1707 1500 1935">
    <p class='ocr_par' dir='ltr' id='par_1_3' title="bbox 634 1707 1500 1935">
     <span class='ocr_line' id='line_1_8' title="bbox 634 1707 1500 1775; baseline 0 -2"><span class='ocrx_word' id='word_1_47' title='bbox 634 1707 875 1775; x_wconf 84' lang='lat' dir='ltr'>EPISTOLA</span> <span class='ocrx_word' id='word_1_48' title='bbox 901 1707 1065 1771; x_wconf 63' lang='lat' dir='ltr'><strong>Lib-ao</strong></span> <span class='ocrx_word' id='word_1_49' title='bbox 1079 1722 1271 1770; x_wconf 77' lang='lat' dir='ltr'><strong>wanrannu</strong></span> <span class='ocrx_word' id='word_1_50' title='bbox 1289 1723 1380 1770; x_wconf 80' lang='lat' dir='ltr'><strong>nors.</strong></span> <span class='ocrx_word' id='word_1_51' title='bbox 1396 1725 1500 1773; x_wconf 82' lang='lat' dir='ltr'><strong>serso.</strong></span> 
     </span>
     <span class='ocr_line' id='line_1_9' title="bbox 826 1848 1301 1935; baseline -0.011 -21"><span class='ocrx_word' id='word_1_52' title='bbox 826 1853 963 1915; x_wconf 81' lang='lat' dir='ltr'><strong>Woltero</strong></span> <span class='ocrx_word' id='word_1_53' title='bbox 976 1850 1119 1935; x_wconf 80' lang='lat' dir='ltr'><strong>Roffensi</strong></span> <span class='ocrx_word' id='word_1_54' title='bbox 1133 1848 1301 1930; x_wconf 78' lang='lat' dir='ltr'><strong>Episcopo.</strong></span> 
     </span>
    </p>
   </div>
   <div class='ocr_carea' id='block_1_4' title="bbox 592 1988 1548 4518">
    <p class='ocr_par' dir='ltr' id='par_1_4' title="bbox 592 1988 1548 4518">
     <span class='ocr_line' id='line_1_10' title="bbox 637 1988 1542 2066; baseline -0.001 -7"><span class='ocrx_word' id='word_1_55' title='bbox 637 1998 820 2060; x_wconf 81' lang='lat' dir='ltr'><strong>Gnavrrsn</strong></span> <span class='ocrx_word' id='word_1_56' title='bbox 847 1991 979 2056; x_wconf 82' lang='lat' dir='ltr'><strong>offendit</strong></span> <span class='ocrx_word' id='word_1_57' title='bbox 1001 1992 1034 2054; x_wconf 91' lang='lat' dir='ltr'><strong>in</strong></span> <span class='ocrx_word' id='word_1_58' title='bbox 1059 1988 1235 2066; x_wconf 87' lang='lat' dir='ltr'><strong>Christum,</strong></span> <span class='ocrx_word' id='word_1_59' title='bbox 1265 1991 1316 2054; x_wconf 93' lang='lat' dir='ltr'><strong>cui</strong></span> <span class='ocrx_word' id='word_1_60' title='bbox 1343 1989 1375 2056; x_wconf 90' lang='lat' dir='ltr'><strong>in</strong></span> <span class='ocrx_word' id='word_1_61' title='bbox 1403 1991 1542 2058; x_wconf 83' lang='lat' dir='ltr'><strong>fratrum</strong></span> 
     </span>
     <span class='ocr_line' id='line_1_11' title="bbox 592 2092 1540 2180; baseline -0.002 -19"><span class='ocrx_word' id='word_1_62' title='bbox 592 2097 715 2161; x_wconf 91' lang='lat' dir='ltr'><strong>unitate</strong></span> <span class='ocrx_word' id='word_1_63' title='bbox 729 2093 958 2158; x_wconf 88' lang='lat' dir='ltr'><strong>amoenissimus</strong></span> <span class='ocrx_word' id='word_1_64' title='bbox 981 2094 1086 2157; x_wconf 86' lang='lat' dir='ltr'><strong>factus</strong></span> <span class='ocrx_word' id='word_1_65' title='bbox 1100 2106 1147 2155; x_wconf 88' lang='lat' dir='ltr'><strong>est</strong></span> <span class='ocrx_word' id='word_1_66' title='bbox 1172 2092 1271 2167; x_wconf 76' lang='lat' dir='ltr'><strong>locuS,</strong></span> <span class='ocrx_word' id='word_1_67' title='bbox 1293 2093 1350 2178; x_wconf 90' lang='lat' dir='ltr'><strong>qui</strong></span> <span class='ocrx_word' id='word_1_68' title='bbox 1366 2117 1403 2157; x_wconf 87' lang='lat' dir='ltr'><strong>ea</strong></span> <span class='ocrx_word' id='word_1_69' title='bbox 1417 2116 1492 2180; x_wconf 88' lang='lat' dir='ltr'><strong>quae</strong></span> <span class='ocrx_word' id='word_1_70' title='bbox 1507 2095 1540 2160; x_wconf 92' lang='lat' dir='ltr'><strong>in</strong></span> 
     </span>
     <span class='ocr_line' id='line_1_12' title="bbox 592 2194 1539 2282; baseline 0.002 -21"><span class='ocrx_word' id='word_1_71' title='bbox 592 2197 688 2262; x_wconf 89' lang='lat' dir='ltr'><strong>domo</strong></span> <span class='ocrx_word' id='word_1_72' title='bbox 709 2199 778 2282; x_wconf 89' lang='lat' dir='ltr'><strong>ejus</strong></span> <span class='ocrx_word' id='word_1_73' title='bbox 800 2195 841 2260; x_wconf 89' lang='lat' dir='ltr'><strong>ad</strong></span> <span class='ocrx_word' id='word_1_74' title='bbox 863 2215 972 2279; x_wconf 90' lang='lat' dir='ltr'><strong>pacem</strong></span> <span class='ocrx_word' id='word_1_75' title='bbox 992 2194 1182 2270; x_wconf 86' lang='lat' dir='ltr'><strong>factasunt,</strong></span> <span class='ocrx_word' id='word_1_76' title='bbox 1204 2195 1319 2259; x_wconf 89' lang='lat' dir='ltr'><strong>nititur</strong></span> <span class='ocrx_word' id='word_1_77' title='bbox 1340 2199 1539 2282; x_wconf 88' lang='lat' dir='ltr'><strong>perturbare.</strong></span> 
     </span>
     <span class='ocr_line' id='line_1_13' title="bbox 592 2294 1542 2383; baseline 0.002 -21"><span class='ocrx_word' id='word_1_78' title='bbox 592 2299 660 2362; x_wconf 92' lang='lat' dir='ltr'><strong>Nos</strong></span> <span class='ocrx_word' id='word_1_79' title='bbox 679 2311 785 2362; x_wconf 89' lang='lat' dir='ltr'><strong>autem</strong></span> <span class='ocrx_word' id='word_1_80' title='bbox 807 2295 1045 2363; x_wconf 89' lang='lat' dir='ltr'><strong>Cantuariensis</strong></span> <span class='ocrx_word' id='word_1_81' title='bbox 1066 2294 1204 2360; x_wconf 72' lang='lat' dir='ltr'><strong>ecclesia</strong></span> <span class='ocrx_word' id='word_1_82' title='bbox 1227 2320 1351 2383; x_wconf 90' lang='lat' dir='ltr'><strong>semper</strong></span> <span class='ocrx_word' id='word_1_83' title='bbox 1371 2297 1542 2364; x_wconf 84' lang='lat' dir='ltr'><strong>dileximus</strong></span> 
     </span>
     <span class='ocr_line' id='line_1_14' title="bbox 592 2398 1543 2485; baseline 0.002 -21"><span class='ocrx_word' id='word_1_84' title='bbox 592 2420 712 2485; x_wconf 88' lang='lat' dir='ltr'><strong>pacem,</strong></span> <span class='ocrx_word' id='word_1_85' title='bbox 735 2411 766 2463; x_wconf 88' lang='lat' dir='ltr'><strong>et</strong></span> <span class='ocrx_word' id='word_1_86' title='bbox 791 2399 931 2463; x_wconf 90' lang='lat' dir='ltr'><strong>Domino</strong></span> <span class='ocrx_word' id='word_1_87' title='bbox 951 2398 1102 2485; x_wconf 90' lang='lat' dir='ltr'><strong>propitio,</strong></span> <span class='ocrx_word' id='word_1_88' title='bbox 1125 2399 1217 2463; x_wconf 92' lang='lat' dir='ltr'><strong>nobis</strong></span> <span class='ocrx_word' id='word_1_89' title='bbox 1230 2398 1263 2462; x_wconf 91' lang='lat' dir='ltr'><strong>in</strong></span> <span class='ocrx_word' id='word_1_90' title='bbox 1286 2399 1400 2465; x_wconf 86' lang='lat' dir='ltr'><strong>fratres</strong></span> <span class='ocrx_word' id='word_1_91' title='bbox 1418 2416 1543 2466; x_wconf 90' lang='lat' dir='ltr'><strong>nostros</strong></span> 
     </span>
     <span class='ocr_line' id='line_1_15' title="bbox 594 2500 1544 2589; baseline 0.003 -24"><span class='ocrx_word' id='word_1_92' title='bbox 594 2500 735 2565; x_wconf 88' lang='lat' dir='ltr'><strong>caritatis</strong></span> <span class='ocrx_word' id='word_1_93' title='bbox 744 2500 777 2564; x_wconf 93' lang='lat' dir='ltr'><strong>in</strong></span> <span class='ocrx_word' id='word_1_94' title='bbox 790 2500 857 2565; x_wconf 88' lang='lat' dir='ltr'><strong>dies</strong></span> <span class='ocrx_word' id='word_1_95' title='bbox 867 2500 1001 2587; x_wconf 86' lang='lat' dir='ltr'><strong>profecit</strong></span> <span class='ocrx_word' id='word_1_96' title='bbox 1013 2501 1156 2580; x_wconf 74' lang='lat' dir='ltr'><strong>affectuS,</strong></span> <span class='ocrx_word' id='word_1_97' title='bbox 1167 2515 1198 2564; x_wconf 90' lang='lat' dir='ltr'><strong>et</strong></span> <span class='ocrx_word' id='word_1_98' title='bbox 1210 2501 1305 2564; x_wconf 89' lang='lat' dir='ltr'><strong>abeis</strong></span> <span class='ocrx_word' id='word_1_99' title='bbox 1316 2516 1388 2588; x_wconf 91' lang='lat' dir='ltr'><strong>post</strong></span> <span class='ocrx_word' id='word_1_100' title='bbox 1401 2515 1544 2589; x_wconf 89' lang='lat' dir='ltr'><strong>tempora</strong></span> 
     </span>
     <span class='ocr_line' id='line_1_16' title="bbox 596 2602 1544 2690; baseline 0.003 -23"><span class='ocrx_word' id='word_1_101' title='bbox 596 2613 838 2667; x_wconf 88' lang='lat' dir='ltr'><strong>nostraomnem</strong></span> <span class='ocrx_word' id='word_1_102' title='bbox 849 2602 968 2666; x_wconf 87' lang='lat' dir='ltr'><strong>auferri</strong></span> <span class='ocrx_word' id='word_1_103' title='bbox 980 2603 1127 2690; x_wconf 84' lang='lat' dir='ltr'><strong>cupimus</strong></span> <span class='ocrx_word' id='word_1_104' title='bbox 1138 2602 1300 2668; x_wconf 91' lang='lat' dir='ltr'><strong>materiam</strong></span> <span class='ocrx_word' id='word_1_105' title='bbox 1312 2603 1544 2670; x_wconf 88' lang='lat' dir='ltr'><strong>scandalorum.</strong></span> 
     </span>
     <span class='ocr_line' id='line_1_17' title="bbox 595 2701 1543 2790; baseline 0 -22"><span class='ocrx_word' id='word_1_106' title='bbox 595 2703 649 2768; x_wconf 88' lang='lat' dir='ltr'><strong>Ex</strong></span> <span class='ocrx_word' id='word_1_107' title='bbox 670 2714 780 2768; x_wconf 91' lang='lat' dir='ltr'><strong>nostra</strong></span> <span class='ocrx_word' id='word_1_108' title='bbox 801 2701 910 2790; x_wconf 91' lang='lat' dir='ltr'><strong>itaque</strong></span> <span class='ocrx_word' id='word_1_109' title='bbox 940 2703 1131 2767; x_wconf 87' lang='lat' dir='ltr'><strong>conscientia</strong></span> <span class='ocrx_word' id='word_1_110' title='bbox 1159 2702 1288 2767; x_wconf 91' lang='lat' dir='ltr'><strong>idoneos</strong></span> <span class='ocrx_word' id='word_1_111' title='bbox 1309 2726 1369 2789; x_wconf 92' lang='lat' dir='ltr'><strong>pro</strong></span> <span class='ocrx_word' id='word_1_112' title='bbox 1391 2701 1543 2768; x_wconf 86' lang='lat' dir='ltr'><strong>facultate</strong></span> 
     </span>
     <span class='ocr_line' id='line_1_18' title="bbox 594 2805 1544 2894; baseline -0.003 -22"><span class='ocrx_word' id='word_1_113' title='bbox 594 2805 741 2873; x_wconf 90' lang='lat' dir='ltr'><strong>custodes</strong></span> <span class='ocrx_word' id='word_1_114' title='bbox 755 2806 956 2894; x_wconf 75' lang='lat' dir='ltr'><strong>praefecimus</strong></span> <span class='ocrx_word' id='word_1_115' title='bbox 970 2805 1086 2884; x_wconf 91' lang='lat' dir='ltr'><strong>ordini,</strong></span> <span class='ocrx_word' id='word_1_116' title='bbox 1101 2818 1133 2872; x_wconf 92' lang='lat' dir='ltr'><strong>et</strong></span> <span class='ocrx_word' id='word_1_117' title='bbox 1148 2827 1287 2893; x_wconf 90' lang='lat' dir='ltr'><strong>quorum</strong></span> <span class='ocrx_word' id='word_1_118' title='bbox 1302 2805 1476 2871; x_wconf 89' lang='lat' dir='ltr'><strong>ministerio</strong></span> <span class='ocrx_word' id='word_1_119' title='bbox 1486 2827 1544 2893; x_wconf 92' lang='lat' dir='ltr'><strong>per</strong></span> 
     </span>
     <span class='ocr_line' id='line_1_19' title="bbox 595 2907 1543 2998; baseline -0.002 -23"><span class='ocrx_word' id='word_1_120' title='bbox 595 2910 728 2997; x_wconf 86' lang='lat' dir='ltr'><strong>gratiam</strong></span> <span class='ocrx_word' id='word_1_121' title='bbox 747 2912 878 2977; x_wconf 90' lang='lat' dir='ltr'><strong>Domini</strong></span> <span class='ocrx_word' id='word_1_122' title='bbox 896 2911 965 2998; x_wconf 89' lang='lat' dir='ltr'><strong>jam</strong></span> <span class='ocrx_word' id='word_1_123' title='bbox 980 2911 1070 2976; x_wconf 92' lang='lat' dir='ltr'><strong>annis</strong></span> <span class='ocrx_word' id='word_1_124' title='bbox 1091 2908 1238 2996; x_wconf 90' lang='lat' dir='ltr'><strong>pluribus</strong></span> <span class='ocrx_word' id='word_1_125' title='bbox 1253 2907 1364 2995; x_wconf 89' lang='lat' dir='ltr'><strong>religio</strong></span> <span class='ocrx_word' id='word_1_126' title='bbox 1385 2910 1543 2994; x_wconf 74' lang='lat' dir='ltr'><strong>profecit:</strong></span> 
     </span>
     <span class='ocr_line' id='line_1_20' title="bbox 595 3010 1544 3097; baseline -0.003 -20"><span class='ocrx_word' id='word_1_127' title='bbox 595 3025 627 3078; x_wconf 91' lang='lat' dir='ltr'><strong>et</strong></span> <span class='ocrx_word' id='word_1_128' title='bbox 642 3016 826 3079; x_wconf 78' lang='lat' dir='ltr'><strong>extrinsecae</strong></span> <span class='ocrx_word' id='word_1_129' title='bbox 847 3013 1079 3077; x_wconf 88' lang='lat' dir='ltr'><strong>administratio</strong></span> <span class='ocrx_word' id='word_1_130' title='bbox 1097 3011 1301 3097; x_wconf 88' lang='lat' dir='ltr'><strong>possessionis</strong></span> <span class='ocrx_word' id='word_1_131' title='bbox 1322 3011 1414 3075; x_wconf 88' lang='lat' dir='ltr'><strong>solito</strong></span> <span class='ocrx_word' id='word_1_132' title='bbox 1435 3010 1544 3074; x_wconf 92' lang='lat' dir='ltr'><strong>lauda·</strong></span> 
     </span>
     <span class='ocr_line' id='line_1_21' title="bbox 596 3113 1542 3198; baseline -0.001 -21"><span class='ocrx_word' id='word_1_133' title='bbox 596 3114 736 3179; x_wconf 90' lang='lat' dir='ltr'><strong>dabilius</strong></span> <span class='ocrx_word' id='word_1_134' title='bbox 750 3126 919 3198; x_wconf 91' lang='lat' dir='ltr'><strong>procurata</strong></span> <span class='ocrx_word' id='word_1_135' title='bbox 935 3128 993 3177; x_wconf 90' lang='lat' dir='ltr'><strong>est.</strong></span> <span class='ocrx_word' id='word_1_136' title='bbox 1024 3113 1118 3189; x_wconf 84' lang='lat' dir='ltr'><strong>Quod</strong></span> <span class='ocrx_word' id='word_1_137' title='bbox 1133 3136 1209 3196; x_wconf 84' lang='lat' dir='ltr'><strong>ergo</strong></span> <span class='ocrx_word' id='word_1_138' title='bbox 1231 3114 1412 3190; x_wconf 84' lang='lat' dir='ltr'><strong>statuimus,</strong></span> <span class='ocrx_word' id='word_1_139' title='bbox 1435 3124 1542 3177; x_wconf 89' lang='lat' dir='ltr'><strong>aucto·</strong></span> 
     </span>
     <span class='ocr_line' id='line_1_22' title="bbox 596 3211 1546 3299; baseline 0.001 -22"><span class='ocrx_word' id='word_1_140' title='bbox 596 3214 690 3277; x_wconf 88' lang='lat' dir='ltr'><strong>ritate</strong></span> <span class='ocrx_word' id='word_1_141' title='bbox 705 3233 770 3295; x_wconf 93' lang='lat' dir='ltr'><strong>qua</strong></span> <span class='ocrx_word' id='word_1_142' title='bbox 780 3211 945 3293; x_wconf 85' lang='lat' dir='ltr'><strong>fungimur</strong></span> <span class='ocrx_word' id='word_1_143' title='bbox 956 3234 1082 3273; x_wconf 90' lang='lat' dir='ltr'><strong>manere</strong></span> <span class='ocrx_word' id='word_1_144' title='bbox 1097 3213 1300 3299; x_wconf 80' lang='lat' dir='ltr'><strong>praecipimus</strong></span> <span class='ocrx_word' id='word_1_145' title='bbox 1313 3215 1546 3297; x_wconf 86' lang='lat' dir='ltr'><strong>inconvulsum,</strong></span> 
     </span>
     <span class='ocr_line' id='line_1_23' title="bbox 596 3311 1548 3400; baseline 0.003 -21"><span class='ocrx_word' id='word_1_146' title='bbox 596 3329 628 3379; x_wconf 89' lang='lat' dir='ltr'><strong>et</strong></span> <span class='ocrx_word' id='word_1_147' title='bbox 644 3313 764 3400; x_wconf 89' lang='lat' dir='ltr'><strong>priores</strong></span> <span class='ocrx_word' id='word_1_148' title='bbox 779 3312 877 3374; x_wconf 89' lang='lat' dir='ltr'><strong>amori</strong></span> <span class='ocrx_word' id='word_1_149' title='bbox 894 3311 1025 3375; x_wconf 88' lang='lat' dir='ltr'><strong>utilitati</strong></span> <span class='ocrx_word' id='word_1_150' title='bbox 1038 3311 1238 3376; x_wconf 90' lang='lat' dir='ltr'><strong>subditorum</strong></span> <span class='ocrx_word' id='word_1_151' title='bbox 1253 3314 1408 3390; x_wconf 89' lang='lat' dir='ltr'><strong>insistere,</strong></span> <span class='ocrx_word' id='word_1_152' title='bbox 1425 3330 1457 3380; x_wconf 90' lang='lat' dir='ltr'><strong>et</strong></span> <span class='ocrx_word' id='word_1_153' title='bbox 1472 3319 1548 3382; x_wconf 87' lang='lat' dir='ltr'><strong>sub-</strong></span> 
     </span>
     <span class='ocr_line' id='line_1_24' title="bbox 597 3409 1547 3493; baseline 0.002 -13"><span class='ocrx_word' id='word_1_154' title='bbox 597 3414 684 3480; x_wconf 90' lang='lat' dir='ltr'><strong>ditos</strong></span> <span class='ocrx_word' id='word_1_155' title='bbox 705 3413 737 3475; x_wconf 93' lang='lat' dir='ltr'><strong>in</strong></span> <span class='ocrx_word' id='word_1_156' title='bbox 759 3409 846 3475; x_wconf 91' lang='lat' dir='ltr'><strong>omni</strong></span> <span class='ocrx_word' id='word_1_157' title='bbox 868 3410 1048 3476; x_wconf 90' lang='lat' dir='ltr'><strong>bumilitate</strong></span> <span class='ocrx_word' id='word_1_158' title='bbox 1071 3426 1102 3477; x_wconf 89' lang='lat' dir='ltr'><strong>et</strong></span> <span class='ocrx_word' id='word_1_159' title='bbox 1124 3414 1309 3493; x_wconf 80' lang='lat' dir='ltr'><strong>reverentia,</strong></span> <span class='ocrx_word' id='word_1_160' title='bbox 1329 3414 1396 3477; x_wconf 89' lang='lat' dir='ltr'><strong>suis</strong></span> <span class='ocrx_word' id='word_1_161' title='bbox 1416 3416 1547 3482; x_wconf 88' lang='lat' dir='ltr'><strong>obedire</strong></span> 
     </span>
     <span class='ocr_line' id='line_1_25' title="bbox 597 3513 1548 3603; baseline 0.004 -24"><span class='ocrx_word' id='word_1_162' title='bbox 597 3515 749 3603; x_wconf 89' lang='lat' dir='ltr'><strong>praelatis.</strong></span> <span class='ocrx_word' id='word_1_163' title='bbox 772 3513 953 3580; x_wconf 87' lang='lat' dir='ltr'><strong>Walterum</strong></span> <span class='ocrx_word' id='word_1_164' title='bbox 965 3537 1104 3601; x_wconf 91' lang='lat' dir='ltr'><strong>quoque,</strong></span> <span class='ocrx_word' id='word_1_165' title='bbox 1116 3538 1207 3600; x_wconf 91' lang='lat' dir='ltr'><strong>quem</strong></span> <span class='ocrx_word' id='word_1_166' title='bbox 1221 3516 1263 3580; x_wconf 96' lang='lat' dir='ltr'><strong>ob</strong></span> <span class='ocrx_word' id='word_1_167' title='bbox 1275 3539 1363 3580; x_wconf 89' lang='lat' dir='ltr'><strong>suam</strong></span> <span class='ocrx_word' id='word_1_168' title='bbox 1376 3540 1438 3581; x_wconf 94' lang='lat' dir='ltr'><strong>non</strong></span> <span class='ocrx_word' id='word_1_169' title='bbox 1451 3523 1548 3584; x_wconf 86' lang='lat' dir='ltr'><strong>eccle-</strong></span> 
     </span>
     <span class='ocr_line' id='line_1_26' title="bbox 598 3616 1545 3707; baseline 0.001 -24"><span class='ocrx_word' id='word_1_170' title='bbox 598 3619 653 3685; x_wconf 85' lang='lat' dir='ltr'><strong>siae</strong></span> <span class='ocrx_word' id='word_1_171' title='bbox 668 3616 807 3704; x_wconf 89' lang='lat' dir='ltr'><strong>culpam,</strong></span> <span class='ocrx_word' id='word_1_172' title='bbox 823 3639 841 3680; x_wconf 94' lang='lat' dir='ltr'><strong>a</strong></span> <span class='ocrx_word' id='word_1_173' title='bbox 855 3616 999 3703; x_wconf 90' lang='lat' dir='ltr'><strong>prioratu</strong></span> <span class='ocrx_word' id='word_1_174' title='bbox 1015 3618 1203 3696; x_wconf 90' lang='lat' dir='ltr'><strong>amovimus,</strong></span> <span class='ocrx_word' id='word_1_175' title='bbox 1213 3620 1254 3685; x_wconf 91' lang='lat' dir='ltr'><strong>ab</strong></span> <span class='ocrx_word' id='word_1_176' title='bbox 1261 3619 1362 3685; x_wconf 88' lang='lat' dir='ltr'><strong>officio</strong></span> <span class='ocrx_word' id='word_1_177' title='bbox 1373 3621 1545 3707; x_wconf 91' lang='lat' dir='ltr'><strong>prioratus,</strong></span> 
     </span>
     <span class='ocr_line' id='line_1_27' title="bbox 596 3717 1545 3807; baseline 0.001 -22"><span class='ocrx_word' id='word_1_178' title='bbox 596 3734 628 3787; x_wconf 90' lang='lat' dir='ltr'><strong>et</strong></span> <span class='ocrx_word' id='word_1_179' title='bbox 644 3718 875 3807; x_wconf 88' lang='lat' dir='ltr'><strong>subprioratus,</strong></span> <span class='ocrx_word' id='word_1_180' title='bbox 884 3732 916 3783; x_wconf 92' lang='lat' dir='ltr'><strong>et</strong></span> <span class='ocrx_word' id='word_1_181' title='bbox 927 3717 1014 3782; x_wconf 89' lang='lat' dir='ltr'><strong>omni</strong></span> <span class='ocrx_word' id='word_1_182' title='bbox 1025 3718 1222 3805; x_wconf 77' lang='lat' dir='ltr'><strong>praelatione,</strong></span> <span class='ocrx_word' id='word_1_183' title='bbox 1231 3720 1363 3799; x_wconf 89' lang='lat' dir='ltr'><strong>ordinis,</strong></span> <span class='ocrx_word' id='word_1_184' title='bbox 1372 3721 1404 3785; x_wconf 93' lang='lat' dir='ltr'><strong>in</strong></span> <span class='ocrx_word' id='word_1_185' title='bbox 1416 3720 1545 3786; x_wconf 88' lang='lat' dir='ltr'><strong>ecclesia</strong></span> 
     </span>
     <span class='ocr_line' id='line_1_28' title="bbox 597 3822 1546 3908; baseline -0.003 -17"><span class='ocrx_word' id='word_1_186' title='bbox 597 3822 819 3891; x_wconf 88' lang='lat' dir='ltr'><strong>Cantuariensi</strong></span> <span class='ocrx_word' id='word_1_187' title='bbox 833 3822 865 3885; x_wconf 91' lang='lat' dir='ltr'><strong>in</strong></span> <span class='ocrx_word' id='word_1_188' title='bbox 881 3833 1074 3908; x_wconf 88' lang='lat' dir='ltr'><strong>perpetuum</strong></span> <span class='ocrx_word' id='word_1_189' title='bbox 1089 3822 1324 3901; x_wconf 90' lang='lat' dir='ltr'><strong>submovemus,</strong></span> <span class='ocrx_word' id='word_1_190' title='bbox 1343 3824 1546 3906; x_wconf 86' lang='lat' dir='ltr'><strong>indulgentes</strong></span> 
     </span>
     <span class='ocr_line' id='line_1_29' title="bbox 596 3924 1545 4009; baseline 0 -20"><span class='ocrx_word' id='word_1_191' title='bbox 596 3940 701 3990; x_wconf 90' lang='lat' dir='ltr'><strong>tamen</strong></span> <span class='ocrx_word' id='word_1_192' title='bbox 725 3925 765 4003; x_wconf 87' lang='lat' dir='ltr'><strong>ei,</strong></span> <span class='ocrx_word' id='word_1_193' title='bbox 788 3926 814 3989; x_wconf 92' lang='lat' dir='ltr'><strong>si</strong></span> <span class='ocrx_word' id='word_1_194' title='bbox 835 3924 985 4009; x_wconf 85' lang='lat' dir='ltr'><strong>pacificus</strong></span> <span class='ocrx_word' id='word_1_195' title='bbox 1006 3925 1114 4001; x_wconf 87' lang='lat' dir='ltr'><strong>fuerit,</strong></span> <span class='ocrx_word' id='word_1_196' title='bbox 1129 3927 1323 3990; x_wconf 89' lang='lat' dir='ltr'><strong>consortium</strong></span> <span class='ocrx_word' id='word_1_197' title='bbox 1344 3925 1490 4001; x_wconf 85' lang='lat' dir='ltr'><strong>fratrum,</strong></span> <span class='ocrx_word' id='word_1_198' title='bbox 1512 3938 1545 3989; x_wconf 89' lang='lat' dir='ltr'><strong>et</strong></span> 
     </span>
     <span class='ocr_line' id='line_1_30' title="bbox 596 4022 1547 4091; baseline 0.001 -3"><span class='ocrx_word' id='word_1_199' title='bbox 596 4024 863 4090; x_wconf 84' lang='lat' dir='ltr'><strong>cohabitationem</strong></span> <span class='ocrx_word' id='word_1_200' title='bbox 884 4026 1121 4091; x_wconf 82' lang='lat' dir='ltr'><strong>cantuariensis</strong></span> <span class='ocrx_word' id='word_1_201' title='bbox 1136 4026 1292 4089; x_wconf 80' lang='lat' dir='ltr'><strong>ecclesiae:</strong></span> <span class='ocrx_word' id='word_1_202' title='bbox 1315 4023 1386 4088; x_wconf 88' lang='lat' dir='ltr'><strong>etsi</strong></span> <span class='ocrx_word' id='word_1_203' title='bbox 1403 4022 1547 4089; x_wconf 87' lang='lat' dir='ltr'><strong>laudabi-</strong></span> 
     </span>
     <span class='ocr_line' id='line_1_31' title="bbox 597 4122 1546 4208; baseline 0.002 -21"><span class='ocrx_word' id='word_1_204' title='bbox 597 4123 670 4188; x_wconf 90' lang='lat' dir='ltr'><strong>liter</strong></span> <span class='ocrx_word' id='word_1_205' title='bbox 692 4145 725 4186; x_wconf 90' lang='lat' dir='ltr'><strong>se</strong></span> <span class='ocrx_word' id='word_1_206' title='bbox 747 4125 892 4208; x_wconf 83' lang='lat' dir='ltr'><strong>privatus</strong></span> <span class='ocrx_word' id='word_1_207' title='bbox 914 4125 1076 4201; x_wconf 90' lang='lat' dir='ltr'><strong>habuerit,</strong></span> <span class='ocrx_word' id='word_1_208' title='bbox 1092 4146 1165 4187; x_wconf 91' lang='lat' dir='ltr'><strong>eum</strong></span> <span class='ocrx_word' id='word_1_209' title='bbox 1187 4124 1228 4186; x_wconf 93' lang='lat' dir='ltr'><strong>ad</strong></span> <span class='ocrx_word' id='word_1_210' title='bbox 1250 4124 1327 4187; x_wconf 91' lang='lat' dir='ltr'><strong>alias</strong></span> <span class='ocrx_word' id='word_1_211' title='bbox 1348 4122 1546 4189; x_wconf 89' lang='lat' dir='ltr'><strong>obedientias</strong></span> 
     </span>
     <span class='ocr_line' id='line_1_32' title="bbox 597 4221 1546 4310; baseline 0.002 -21"><span class='ocrx_word' id='word_1_212' title='bbox 597 4221 736 4289; x_wconf 76' lang='lat' dir='ltr'><strong>ecclesiae</strong></span> <span class='ocrx_word' id='word_1_213' title='bbox 748 4237 876 4300; x_wconf 80' lang='lat' dir='ltr'><strong>nostrae,</strong></span> <span class='ocrx_word' id='word_1_214' title='bbox 889 4225 938 4286; x_wconf 87' lang='lat' dir='ltr'><strong>vel</strong></span> <span class='ocrx_word' id='word_1_215' title='bbox 950 4225 991 4287; x_wconf 92' lang='lat' dir='ltr'><strong>ad</strong></span> <span class='ocrx_word' id='word_1_216' title='bbox 1002 4225 1131 4288; x_wconf 89' lang='lat' dir='ltr'><strong>alterius</strong></span> <span class='ocrx_word' id='word_1_217' title='bbox 1140 4223 1277 4288; x_wconf 81' lang='lat' dir='ltr'><strong>ecclesiae</strong></span> <span class='ocrx_word' id='word_1_218' title='bbox 1291 4225 1429 4310; x_wconf 82' lang='lat' dir='ltr'><strong>regimen</strong></span> <span class='ocrx_word' id='word_1_219' title='bbox 1439 4250 1546 4291; x_wconf 87' lang='lat' dir='ltr'><strong>ascen·</strong></span> 
     </span>
     <span class='ocr_line' id='line_1_33' title="bbox 598 4324 1544 4414; baseline 0.003 -23"><span class='ocrx_word' id='word_1_220' title='bbox 598 4328 673 4392; x_wconf 91' lang='lat' dir='ltr'><strong>dere</strong></span> <span class='ocrx_word' id='word_1_221' title='bbox 685 4349 746 4390; x_wconf 91' lang='lat' dir='ltr'><strong>non</strong></span> <span class='ocrx_word' id='word_1_222' title='bbox 758 4338 913 4404; x_wconf 86' lang='lat' dir='ltr'><strong>vetamus,</strong></span> <span class='ocrx_word' id='word_1_223' title='bbox 922 4324 999 4387; x_wconf 91' lang='lat' dir='ltr'><strong>dum</strong></span> <span class='ocrx_word' id='word_1_224' title='bbox 1012 4324 1052 4388; x_wconf 91' lang='lat' dir='ltr'><strong>ad</strong></span> <span class='ocrx_word' id='word_1_225' title='bbox 1069 4326 1242 4411; x_wconf 90' lang='lat' dir='ltr'><strong>prioratum</strong></span> <span class='ocrx_word' id='word_1_226' title='bbox 1253 4339 1285 4392; x_wconf 88' lang='lat' dir='ltr'><strong>et</strong></span> <span class='ocrx_word' id='word_1_227' title='bbox 1297 4329 1544 4414; x_wconf 89' lang='lat' dir='ltr'><strong>subprioratum,</strong></span> 
     </span>
     <span class='ocr_line' id='line_1_34' title="bbox 599 4425 1544 4518; baseline 0 -23"><span class='ocrx_word' id='word_1_228' title='bbox 599 4444 632 4495; x_wconf 92' lang='lat' dir='ltr'><strong>et</strong></span> <span class='ocrx_word' id='word_1_229' title='bbox 641 4425 1006 4495; x_wconf 84' lang='lat' dir='ltr'><strong>caeterasclavesordinis</strong></span> <span class='ocrx_word' id='word_1_230' title='bbox 1016 4426 1200 4492; x_wconf 87' lang='lat' dir='ltr'><strong>interdictas</strong></span> <span class='ocrx_word' id='word_1_231' title='bbox 1211 4432 1544 4518; x_wconf 88' lang='lat' dir='ltr'><strong>nequaquamaspiret.</strong></span> 
     </span>
    </p>
   </div>
   <div class='ocr_carea' id='block_1_5' title="bbox 0 0 1952 5725">
    <p class='ocr_par' dir='ltr' id='par_1_5' title="bbox 0 0 1952 5725">
     <span class='ocr_line' id='line_1_35' title="bbox 0 0 1952 5725; baseline 0 0"><span class='ocrx_word' id='word_1_232' title='bbox 0 0 1952 5725; x_wconf 95' lang='lat' dir='ltr'><strong> </strong></span> 
     </span>
    </p>
   </div>
  </div>
 </body>
</html>
