<?xml version="1.0" encoding="UTF-8"?>
<!DOCTYPE html PUBLIC "-//W3C//DTD XHTML 1.0 Transitional//EN"
    "http://www.w3.org/TR/xhtml1/DTD/xhtml1-transitional.dtd">
<html xmlns="http://www.w3.org/1999/xhtml" xml:lang="en" lang="en">
 <head>
  <title>
</title>
<meta http-equiv="Content-Type" content="text/html;charset=utf-8" />
  <meta name='ocr-system' content='tesseract 3.04.00' />
  <meta name='ocr-capabilities' content='ocr_page ocr_carea ocr_par ocr_line ocrx_word'/>
</head>
<body>
  <div class='ocr_page' id='page_1' title='image "./joannissaresber01johngoog_0212.png"; bbox 0 0 3875 5725; ppageno 0'>
   <div class='ocr_carea' id='block_1_1' title="bbox 492 809 1448 894">
    <p class='ocr_par' dir='ltr' id='par_1_1' title="bbox 492 809 1448 894">
     <span class='ocr_line' id='line_1_1' title="bbox 492 809 1448 894; baseline 0.012 -26"><span class='ocrx_word' id='word_1_1' title='bbox 492 809 552 871; x_wconf 79' lang='lat'>194</span> <span class='ocrx_word' id='word_1_2' title='bbox 739 829 873 874; x_wconf 76' lang='lat' dir='ltr'>sonums</span> <span class='ocrx_word' id='word_1_3' title='bbox 891 829 1170 875; x_wconf 79' lang='lat' dir='ltr'>sannsnnnrnnsrs</span> <span class='ocrx_word' id='word_1_4' title='bbox 1347 814 1393 894; x_wconf 76' lang='lat' dir='ltr'>[s.</span> <span class='ocrx_word' id='word_1_5' title='bbox 1409 820 1448 878; x_wconf 83' lang='lat' dir='ltr'>n.&#39;</span> 
     </span>
    </p>
   </div>
   <div class='ocr_carea' id='block_1_2' title="bbox 486 979 1446 2587">
    <p class='ocr_par' dir='ltr' id='par_1_2' title="bbox 486 979 1446 2587">
     <span class='ocr_line' id='line_1_2' title="bbox 490 979 1445 1068; baseline 0.009 -27"><span class='ocrx_word' id='word_1_6' title='bbox 490 979 664 1055; x_wconf 85' lang='lat' dir='ltr'>caritatem,</span> <span class='ocrx_word' id='word_1_7' title='bbox 688 1002 727 1043; x_wconf 93' lang='lat' dir='ltr'>eo</span> <span class='ocrx_word' id='word_1_8' title='bbox 754 982 842 1066; x_wconf 91' lang='lat' dir='ltr'>quod</span> <span class='ocrx_word' id='word_1_9' title='bbox 865 983 963 1066; x_wconf 85' lang='lat' dir='ltr'>patris</span> <span class='ocrx_word' id='word_1_10' title='bbox 990 982 1089 1046; x_wconf 82' lang='lat' dir='ltr'><strong>nostri</strong></span> <span class='ocrx_word' id='word_1_11' title='bbox 1115 992 1148 1045; x_wconf 91' lang='lat' dir='ltr'>et</span> <span class='ocrx_word' id='word_1_12' title='bbox 1173 982 1296 1046; x_wconf 89' lang='lat' dir='ltr'>domini</span> <span class='ocrx_word' id='word_1_13' title='bbox 1318 984 1445 1068; x_wconf 86' lang='lat' dir='ltr'>primus</span> 
     </span>
     <span class='ocr_line' id='line_1_3' title="bbox 488 1080 1446 1171; baseline 0.01 -30"><span class='ocrx_word' id='word_1_14' title='bbox 488 1080 630 1143; x_wconf 91' lang='lat' dir='ltr'>omnium</span> <span class='ocrx_word' id='word_1_15' title='bbox 652 1083 852 1165; x_wconf 81' lang='lat' dir='ltr'>naufragium</span> <span class='ocrx_word' id='word_1_16' title='bbox 875 1083 1059 1165; x_wconf 86' lang='lat' dir='ltr'>excepistis,</span> <span class='ocrx_word' id='word_1_17' title='bbox 1074 1091 1107 1146; x_wconf 92' lang='lat' dir='ltr'>et</span> <span class='ocrx_word' id='word_1_18' title='bbox 1127 1093 1260 1165; x_wconf 87' lang='lat' dir='ltr'>paterne</span> <span class='ocrx_word' id='word_1_19' title='bbox 1275 1086 1446 1171; x_wconf 81' lang='lat' dir='ltr'>recepistis</span> 
     </span>
     <span class='ocr_line' id='line_1_4' title="bbox 487 1181 1444 1267; baseline 0.009 -26"><span class='ocrx_word' id='word_1_20' title='bbox 487 1181 599 1243; x_wconf 84' lang='lat' dir='ltr'>exules</span> <span class='ocrx_word' id='word_1_21' title='bbox 613 1203 698 1259; x_wconf 89' lang='lat' dir='ltr'>suos,</span> <span class='ocrx_word' id='word_1_22' title='bbox 714 1194 745 1246; x_wconf 90' lang='lat' dir='ltr'>et</span> <span class='ocrx_word' id='word_1_23' title='bbox 759 1185 805 1246; x_wconf 91' lang='lat' dir='ltr'>eis</span> <span class='ocrx_word' id='word_1_24' title='bbox 820 1205 884 1247; x_wconf 92' lang='lat' dir='ltr'>non</span> <span class='ocrx_word' id='word_1_25' title='bbox 901 1184 999 1246; x_wconf 93' lang='lat' dir='ltr'>modo</span> <span class='ocrx_word' id='word_1_26' title='bbox 1014 1185 1221 1267; x_wconf 78' lang='lat' dir='ltr'>exposuistis,</span> <span class='ocrx_word' id='word_1_27' title='bbox 1236 1185 1294 1249; x_wconf 92' lang='lat' dir='ltr'>sed</span> <span class='ocrx_word' id='word_1_28' title='bbox 1308 1193 1342 1249; x_wconf 91' lang='lat' dir='ltr'>et</span> <span class='ocrx_word' id='word_1_29' title='bbox 1352 1207 1444 1249; x_wconf 93' lang='lat' dir='ltr'>com·</span> 
     </span>
     <span class='ocr_line' id='line_1_5' title="bbox 486 1282 1445 1371; baseline 0.009 -28"><span class='ocrx_word' id='word_1_30' title='bbox 486 1282 676 1347; x_wconf 88' lang='lat' dir='ltr'>municastis</span> <span class='ocrx_word' id='word_1_31' title='bbox 694 1286 781 1349; x_wconf 87' lang='lat' dir='ltr'>bona</span> <span class='ocrx_word' id='word_1_32' title='bbox 802 1297 905 1349; x_wconf 83' lang='lat' dir='ltr'>restra</span> <span class='ocrx_word' id='word_1_33' title='bbox 924 1286 966 1349; x_wconf 86' lang='lat' dir='ltr'>nd</span> <span class='ocrx_word' id='word_1_34' title='bbox 983 1286 1111 1350; x_wconf 90' lang='lat' dir='ltr'>libitum</span> <span class='ocrx_word' id='word_1_35' title='bbox 1129 1308 1221 1349; x_wconf 94' lang='lat' dir='ltr'>suum</span> <span class='ocrx_word' id='word_1_36' title='bbox 1242 1309 1338 1371; x_wconf 84' lang='lat' dir='ltr'>supra</span> <span class='ocrx_word' id='word_1_37' title='bbox 1359 1289 1445 1352; x_wconf 87' lang='lat' dir='ltr'>vires</span> 
     </span>
     <span class='ocr_line' id='line_1_6' title="bbox 488 1386 1443 1472; baseline 0.009 -27"><span class='ocrx_word' id='word_1_38' title='bbox 488 1393 624 1460; x_wconf 87' lang='lat' dir='ltr'>vestras;</span> <span class='ocrx_word' id='word_1_39' title='bbox 648 1386 704 1448; x_wconf 88' lang='lat' dir='ltr'>sed</span> <span class='ocrx_word' id='word_1_40' title='bbox 716 1398 821 1450; x_wconf 67' lang='lat' dir='ltr'>minen</span> <span class='ocrx_word' id='word_1_41' title='bbox 831 1388 913 1451; x_wconf 87' lang='lat' dir='ltr'>infra</span> <span class='ocrx_word' id='word_1_42' title='bbox 924 1388 1066 1450; x_wconf 92' lang='lat' dir='ltr'>animum</span> <span class='ocrx_word' id='word_1_43' title='bbox 1076 1389 1222 1453; x_wconf 88' lang='lat' dir='ltr'>libertate</span> <span class='ocrx_word' id='word_1_44' title='bbox 1231 1387 1331 1453; x_wconf 92' lang='lat' dir='ltr'>nobili</span> <span class='ocrx_word' id='word_1_45' title='bbox 1344 1411 1443 1472; x_wconf 82' lang='lat' dir='ltr'>gene·</span> 
     </span>
     <span class='ocr_line' id='line_1_7' title="bbox 486 1489 1442 1575; baseline 0.007 -27"><span class='ocrx_word' id='word_1_46' title='bbox 486 1506 603 1551; x_wconf 89' lang='lat' dir='ltr'>rosum.</span> <span class='ocrx_word' id='word_1_47' title='bbox 648 1489 721 1571; x_wconf 88' lang='lat' dir='ltr'>Ego</span> <span class='ocrx_word' id='word_1_48' title='bbox 744 1499 850 1552; x_wconf 92' lang='lat' dir='ltr'>tamen</span> <span class='ocrx_word' id='word_1_49' title='bbox 873 1490 913 1553; x_wconf 87' lang='lat' dir='ltr'>ad</span> <span class='ocrx_word' id='word_1_50' title='bbox 937 1490 1107 1572; x_wconf 81' lang='lat' dir='ltr'>gratiarum</span> <span class='ocrx_word' id='word_1_51' title='bbox 1129 1491 1288 1555; x_wconf 87' lang='lat' dir='ltr'>actionem</span> <span class='ocrx_word' id='word_1_52' title='bbox 1311 1492 1442 1575; x_wconf 84' lang='lat' dir='ltr'>spiritu·</span> 
     </span>
     <span class='ocr_line' id='line_1_8' title="bbox 487 1589 1443 1675; baseline 0.006 -24"><span class='ocrx_word' id='word_1_53' title='bbox 487 1589 570 1653; x_wconf 90' lang='lat' dir='ltr'>alius</span> <span class='ocrx_word' id='word_1_54' title='bbox 584 1601 703 1669; x_wconf 86' lang='lat' dir='ltr'>teneor,</span> <span class='ocrx_word' id='word_1_55' title='bbox 719 1612 815 1674; x_wconf 90' lang='lat' dir='ltr'>quem</span> <span class='ocrx_word' id='word_1_56' title='bbox 838 1592 871 1654; x_wconf 90' lang='lat' dir='ltr'>in</span> <span class='ocrx_word' id='word_1_57' title='bbox 889 1592 1040 1672; x_wconf 79' lang='lat' dir='ltr'>magistro</span> <span class='ocrx_word' id='word_1_58' title='bbox 1058 1592 1198 1656; x_wconf 88' lang='lat' dir='ltr'>Ricardo</span> <span class='ocrx_word' id='word_1_59' title='bbox 1216 1603 1354 1675; x_wconf 80' lang='lat' dir='ltr'>cognato</span> <span class='ocrx_word' id='word_1_60' title='bbox 1367 1615 1443 1657; x_wconf 89' lang='lat' dir='ltr'>meo</span> 
     </span>
     <span class='ocr_line' id='line_1_9' title="bbox 488 1691 1442 1776; baseline 0.004 -23"><span class='ocrx_word' id='word_1_61' title='bbox 488 1691 690 1772; x_wconf 85' lang='lat' dir='ltr'>spiritualiter</span> <span class='ocrx_word' id='word_1_62' title='bbox 710 1692 886 1775; x_wconf 87' lang='lat' dir='ltr'>recepistis,</span> <span class='ocrx_word' id='word_1_63' title='bbox 901 1706 933 1756; x_wconf 93' lang='lat' dir='ltr'>et</span> <span class='ocrx_word' id='word_1_64' title='bbox 952 1693 1068 1775; x_wconf 76' lang='lat' dir='ltr'>amplae</span> <span class='ocrx_word' id='word_1_65' title='bbox 1090 1692 1303 1756; x_wconf 82' lang='lat' dir='ltr'>miserationis</span> <span class='ocrx_word' id='word_1_66' title='bbox 1316 1693 1442 1776; x_wconf 89' lang='lat' dir='ltr'>impen-</span> 
     </span>
     <span class='ocr_line' id='line_1_10' title="bbox 488 1791 1444 1877; baseline 0.002 -22"><span class='ocrx_word' id='word_1_67' title='bbox 488 1791 581 1856; x_wconf 82' lang='lat' dir='ltr'>distis</span> <span class='ocrx_word' id='word_1_68' title='bbox 604 1792 765 1866; x_wconf 85' lang='lat' dir='ltr'>solatium,</span> <span class='ocrx_word' id='word_1_69' title='bbox 788 1804 819 1856; x_wconf 90' lang='lat' dir='ltr'>et</span> <span class='ocrx_word' id='word_1_70' title='bbox 833 1794 909 1877; x_wconf 86' lang='lat' dir='ltr'>quia</span> <span class='ocrx_word' id='word_1_71' title='bbox 929 1803 1025 1858; x_wconf 82' lang='lat' dir='ltr'>tantoe</span> <span class='ocrx_word' id='word_1_72' title='bbox 1045 1793 1238 1856; x_wconf 83' lang='lat' dir='ltr'>humanitati</span> <span class='ocrx_word' id='word_1_73' title='bbox 1260 1804 1296 1856; x_wconf 91' lang='lat' dir='ltr'>ut</span> <span class='ocrx_word' id='word_1_74' title='bbox 1315 1792 1444 1857; x_wconf 86' lang='lat' dir='ltr'>deceret</span> 
     </span>
     <span class='ocr_line' id='line_1_11' title="bbox 487 1893 1441 1978; baseline 0.001 -22"><span class='ocrx_word' id='word_1_75' title='bbox 487 1893 680 1978; x_wconf 86' lang='lat' dir='ltr'>respondere</span> <span class='ocrx_word' id='word_1_76' title='bbox 699 1915 765 1956; x_wconf 95' lang='lat' dir='ltr'>non</span> <span class='ocrx_word' id='word_1_77' title='bbox 788 1916 929 1978; x_wconf 90' lang='lat' dir='ltr'>possum,</span> <span class='ocrx_word' id='word_1_78' title='bbox 945 1894 1091 1958; x_wconf 91' lang='lat' dir='ltr'>desidero</span> <span class='ocrx_word' id='word_1_79' title='bbox 1112 1905 1148 1957; x_wconf 91' lang='lat' dir='ltr'>ut</span> <span class='ocrx_word' id='word_1_80' title='bbox 1163 1893 1250 1977; x_wconf 90' lang='lat' dir='ltr'>quod</span> <span class='ocrx_word' id='word_1_81' title='bbox 1265 1896 1296 1958; x_wconf 91' lang='lat' dir='ltr'>ei</span> <span class='ocrx_word' id='word_1_82' title='bbox 1317 1896 1441 1959; x_wconf 88' lang='lat' dir='ltr'>fecistis</span> 
     </span>
     <span class='ocr_line' id='line_1_12' title="bbox 486 1995 1441 2079; baseline 0.002 -20"><span class='ocrx_word' id='word_1_83' title='bbox 486 2004 519 2059; x_wconf 88' lang='lat' dir='ltr'>et</span> <span class='ocrx_word' id='word_1_84' title='bbox 532 1996 648 2074; x_wconf 82' lang='lat' dir='ltr'>facitis,</span> <span class='ocrx_word' id='word_1_85' title='bbox 663 1996 755 2058; x_wconf 87' lang='lat' dir='ltr'>vobis</span> <span class='ocrx_word' id='word_1_86' title='bbox 770 1997 995 2059; x_wconf 87' lang='lat' dir='ltr'>retribuatura</span> <span class='ocrx_word' id='word_1_87' title='bbox 1011 1995 1161 2074; x_wconf 90' lang='lat' dir='ltr'>Domino,</span> <span class='ocrx_word' id='word_1_88' title='bbox 1178 1997 1234 2079; x_wconf 87' lang='lat' dir='ltr'>qui</span> <span class='ocrx_word' id='word_1_89' title='bbox 1248 2006 1366 2079; x_wconf 89' lang='lat' dir='ltr'>potens</span> <span class='ocrx_word' id='word_1_90' title='bbox 1381 2008 1441 2074; x_wconf 81' lang='lat' dir='ltr'>est,</span> 
     </span>
     <span class='ocr_line' id='line_1_13' title="bbox 487 2082 1439 2181; baseline 0.004 -23"><span class='ocrx_word' id='word_1_91' title='bbox 487 2105 521 2160; x_wconf 91' lang='lat' dir='ltr'>et</span> <span class='ocrx_word' id='word_1_92' title='bbox 530 2117 710 2160; x_wconf 85' lang='lat' dir='ltr'>mensuram</span> <span class='ocrx_word' id='word_1_93' title='bbox 720 2082 849 2175; x_wconf 83' lang='lat' dir='ltr'>bonam,</span> <span class='ocrx_word' id='word_1_94' title='bbox 859 2106 892 2161; x_wconf 90' lang='lat' dir='ltr'>et</span> <span class='ocrx_word' id='word_1_95' title='bbox 901 2099 1101 2178; x_wconf 81' lang='lat' dir='ltr'>coagulatam</span> <span class='ocrx_word' id='word_1_96' title='bbox 1113 2110 1146 2160; x_wconf 87' lang='lat' dir='ltr'>et</span> <span class='ocrx_word' id='word_1_97' title='bbox 1159 2097 1439 2181; x_wconf 82' lang='lat' dir='ltr'>supereffluentem</span> 
     </span>
     <span class='ocr_line' id='line_1_14' title="bbox 486 2197 1441 2282; baseline 0.004 -22"><span class='ocrx_word' id='word_1_98' title='bbox 486 2197 611 2275; x_wconf 86' lang='lat' dir='ltr'>reddat,</span> <span class='ocrx_word' id='word_1_99' title='bbox 626 2208 658 2260; x_wconf 91' lang='lat' dir='ltr'>et</span> <span class='ocrx_word' id='word_1_100' title='bbox 673 2197 882 2279; x_wconf 84' lang='lat' dir='ltr'>superfundat</span> <span class='ocrx_word' id='word_1_101' title='bbox 896 2199 929 2260; x_wconf 91' lang='lat' dir='ltr'>in</span> <span class='ocrx_word' id='word_1_102' title='bbox 944 2198 1212 2261; x_wconf 87' lang='lat' dir='ltr'>benefacientium</span> <span class='ocrx_word' id='word_1_103' title='bbox 1226 2199 1323 2264; x_wconf 84' lang='lat' dir='ltr'>sinus</span> <span class='ocrx_word' id='word_1_104' title='bbox 1366 2202 1441 2282; x_wconf 81' lang='lat' dir='ltr'>Ego</span> 
     </span>
     <span class='ocr_line' id='line_1_15' title="bbox 488 2295 1440 2384; baseline 0.002 -21"><span class='ocrx_word' id='word_1_105' title='bbox 488 2307 593 2363; x_wconf 89' lang='lat' dir='ltr'>autem</span> <span class='ocrx_word' id='word_1_106' title='bbox 610 2308 710 2361; x_wconf 92' lang='lat' dir='ltr'>totum</span> <span class='ocrx_word' id='word_1_107' title='bbox 731 2295 765 2362; x_wconf 87' lang='lat' dir='ltr'>id</span> <span class='ocrx_word' id='word_1_108' title='bbox 781 2299 868 2380; x_wconf 89' lang='lat' dir='ltr'>quod</span> <span class='ocrx_word' id='word_1_109' title='bbox 884 2319 1026 2381; x_wconf 89' lang='lat' dir='ltr'>possum,</span> <span class='ocrx_word' id='word_1_110' title='bbox 1041 2300 1197 2384; x_wconf 89' lang='lat' dir='ltr'>obsequio</span> <span class='ocrx_word' id='word_1_111' title='bbox 1215 2311 1321 2364; x_wconf 89' lang='lat' dir='ltr'>vestro</span> <span class='ocrx_word' id='word_1_112' title='bbox 1334 2303 1440 2365; x_wconf 89' lang='lat' dir='ltr'>libens</span> 
     </span>
     <span class='ocr_line' id='line_1_16' title="bbox 487 2400 1440 2482; baseline 0 -17"><span class='ocrx_word' id='word_1_113' title='bbox 487 2401 641 2478; x_wconf 82' lang='lat' dir='ltr'>devoveo,</span> <span class='ocrx_word' id='word_1_114' title='bbox 650 2408 778 2463; x_wconf 87' lang='lat' dir='ltr'>acturus</span> <span class='ocrx_word' id='word_1_115' title='bbox 790 2401 861 2464; x_wconf 87' lang='lat' dir='ltr'>Deo</span> <span class='ocrx_word' id='word_1_116' title='bbox 872 2400 1000 2482; x_wconf 84' lang='lat' dir='ltr'>gratias,</span> <span class='ocrx_word' id='word_1_117' title='bbox 1013 2401 1040 2462; x_wconf 91' lang='lat' dir='ltr'>si</span> <span class='ocrx_word' id='word_1_118' title='bbox 1050 2400 1297 2464; x_wconf 84' lang='lat' dir='ltr'>misericorditer</span> <span class='ocrx_word' id='word_1_119' title='bbox 1307 2401 1440 2480; x_wconf 82' lang='lat' dir='ltr'>dederit,</span> 
     </span>
     <span class='ocr_line' id='line_1_17' title="bbox 487 2503 1209 2587; baseline 0.001 -21"><span class='ocrx_word' id='word_1_120' title='bbox 487 2513 523 2566; x_wconf 88' lang='lat' dir='ltr'>ut</span> <span class='ocrx_word' id='word_1_121' title='bbox 536 2504 657 2586; x_wconf 91' lang='lat' dir='ltr'>possim</span> <span class='ocrx_word' id='word_1_122' title='bbox 671 2503 763 2565; x_wconf 91' lang='lat' dir='ltr'>vobis</span> <span class='ocrx_word' id='word_1_123' title='bbox 778 2503 941 2566; x_wconf 87' lang='lat' dir='ltr'>officiosus</span> <span class='ocrx_word' id='word_1_124' title='bbox 955 2522 1027 2565; x_wconf 91' lang='lat' dir='ltr'>esse</span> <span class='ocrx_word' id='word_1_125' title='bbox 1041 2503 1074 2564; x_wconf 90' lang='lat' dir='ltr'>in</span> <span class='ocrx_word' id='word_1_126' title='bbox 1091 2504 1209 2587; x_wconf 88' lang='lat' dir='ltr'>aliquo.</span> 
     </span>
    </p>
   </div>
   <div class='ocr_carea' id='block_1_3' title="bbox 487 2672 1552 2756">
    <p class='ocr_par' dir='ltr' id='par_1_3' title="bbox 487 2672 1552 2756">
     <span class='ocr_line' id='line_1_18' title="bbox 487 2672 1552 2756; baseline 0 -20"><span class='ocrx_word' id='word_1_127' title='bbox 487 2673 629 2737; x_wconf 87' lang='lat' dir='ltr'><strong>EPIST.</strong></span> <span class='ocrx_word' id='word_1_128' title='bbox 653 2672 969 2738; x_wconf 79' lang='lat' dir='ltr'>CXXXVIII.-un</span> <span class='ocrx_word' id='word_1_129' title='bbox 984 2691 1131 2736; x_wconf 71' lang='lat' dir='ltr'>uuonan</span> <span class='ocrx_word' id='word_1_130' title='bbox 1146 2691 1440 2737; x_wconf 76' lang='lat' dir='ltr'>oanrnunnrnsnn.</span> <span class='ocrx_word' id='word_1_131' title='bbox 1550 2753 1552 2756; x_wconf 16' lang='grc' dir='ltr'>Ι</span> 
     </span>
    </p>
   </div>
   <div class='ocr_carea' id='block_1_4' title="bbox 849 2774 1071 2853">
    <p class='ocr_par' dir='ltr' id='par_1_4' title="bbox 849 2774 1071 2853">
     <span class='ocr_line' id='line_1_19' title="bbox 849 2774 1071 2853; baseline -0.009 -18"><span class='ocrx_word' id='word_1_132' title='bbox 849 2774 894 2853; x_wconf 71' lang='lat' dir='ltr'>[i.</span> <span class='ocrx_word' id='word_1_133' title='bbox 912 2793 942 2835; x_wconf 77' lang='lat' dir='ltr'>n.</span> <span class='ocrx_word' id='word_1_134' title='bbox 963 2774 1071 2853; x_wconf 70' lang='lat' dir='ltr'>nos]</span> 
     </span>
    </p>
   </div>
   <div class='ocr_carea' id='block_1_5' title="bbox 486 2888 1441 3281">
    <p class='ocr_par' dir='ltr' id='par_1_5' title="bbox 486 2888 1441 3281">
     <span class='ocr_line' id='line_1_20' title="bbox 531 2888 1439 2977; baseline 0.002 -22"><span class='ocrx_word' id='word_1_135' title='bbox 531 2893 637 2969; x_wconf 82' lang='lat' dir='ltr'>QUUM</span> <span class='ocrx_word' id='word_1_136' title='bbox 652 2890 817 2955; x_wconf 89' lang='lat' dir='ltr'>dominum</span> <span class='ocrx_word' id='word_1_137' title='bbox 841 2914 959 2977; x_wconf 86' lang='lat' dir='ltr'>papam</span> <span class='ocrx_word' id='word_1_138' title='bbox 978 2914 1081 2976; x_wconf 91' lang='lat' dir='ltr'>nuper</span> <span class='ocrx_word' id='word_1_139' title='bbox 1096 2888 1309 2971; x_wconf 84' lang='lat' dir='ltr'>sollicitarem,</span> <span class='ocrx_word' id='word_1_140' title='bbox 1324 2904 1357 2955; x_wconf 92' lang='lat' dir='ltr'>et</span> <span class='ocrx_word' id='word_1_141' title='bbox 1372 2894 1439 2957; x_wconf 87' lang='lat' dir='ltr'>ani-</span> 
     </span>
     <span class='ocr_line' id='line_1_21' title="bbox 487 2992 1439 3079; baseline 0.001 -21"><span class='ocrx_word' id='word_1_142' title='bbox 487 3015 617 3071; x_wconf 83' lang='lat' dir='ltr'>marem,</span> <span class='ocrx_word' id='word_1_143' title='bbox 639 3006 670 3057; x_wconf 90' lang='lat' dir='ltr'>et</span> <span class='ocrx_word' id='word_1_144' title='bbox 693 2993 788 3073; x_wconf 87' lang='lat' dir='ltr'>viam,</span> <span class='ocrx_word' id='word_1_145' title='bbox 811 3016 907 3079; x_wconf 88' lang='lat' dir='ltr'>quam</span> <span class='ocrx_word' id='word_1_146' title='bbox 924 2992 1002 3059; x_wconf 89' lang='lat' dir='ltr'>mihi</span> <span class='ocrx_word' id='word_1_147' title='bbox 1025 2993 1156 3057; x_wconf 87' lang='lat' dir='ltr'>videbar</span> <span class='ocrx_word' id='word_1_148' title='bbox 1177 2992 1381 3071; x_wconf 85' lang='lat' dir='ltr'>intellexisse,</span> <span class='ocrx_word' id='word_1_149' title='bbox 1396 2996 1439 3059; x_wconf 83' lang='lat' dir='ltr'>ad</span> 
     </span>
     <span class='ocr_line' id='line_1_22' title="bbox 486 3094 1440 3182; baseline 0.002 -23"><span class='ocrx_word' id='word_1_150' title='bbox 486 3119 597 3182; x_wconf 88' lang='lat' dir='ltr'>pacem</span> <span class='ocrx_word' id='word_1_151' title='bbox 622 3095 683 3159; x_wconf 93' lang='lat' dir='ltr'>sibi</span> <span class='ocrx_word' id='word_1_152' title='bbox 714 3106 745 3157; x_wconf 89' lang='lat' dir='ltr'>et</span> <span class='ocrx_word' id='word_1_153' title='bbox 774 3094 867 3158; x_wconf 91' lang='lat' dir='ltr'>nobis</span> <span class='ocrx_word' id='word_1_154' title='bbox 891 3095 1137 3173; x_wconf 87' lang='lat' dir='ltr'>reformandam,</span> <span class='ocrx_word' id='word_1_155' title='bbox 1165 3094 1341 3159; x_wconf 87' lang='lat' dir='ltr'>studiosius</span> <span class='ocrx_word' id='word_1_156' title='bbox 1366 3096 1440 3161; x_wconf 89' lang='lat' dir='ltr'>inti·</span> 
     </span>
     <span class='ocr_line' id='line_1_23' title="bbox 486 3193 1441 3281; baseline 0.002 -21"><span class='ocrx_word' id='word_1_157' title='bbox 486 3219 617 3272; x_wconf 88' lang='lat' dir='ltr'>marem,</span> <span class='ocrx_word' id='word_1_158' title='bbox 633 3193 797 3281; x_wconf 88' lang='lat' dir='ltr'>respondit</span> <span class='ocrx_word' id='word_1_159' title='bbox 818 3218 851 3259; x_wconf 90' lang='lat' dir='ltr'>se</span> <span class='ocrx_word' id='word_1_160' title='bbox 867 3217 955 3280; x_wconf 86' lang='lat' dir='ltr'>spem</span> <span class='ocrx_word' id='word_1_161' title='bbox 974 3196 1152 3280; x_wconf 88' lang='lat' dir='ltr'>concepisse</span> <span class='ocrx_word' id='word_1_162' title='bbox 1167 3196 1254 3281; x_wconf 83' lang='lat' dir='ltr'>pacis</span> <span class='ocrx_word' id='word_1_163' title='bbox 1274 3218 1314 3261; x_wconf 85' lang='lat' dir='ltr'>ex</span> <span class='ocrx_word' id='word_1_164' title='bbox 1335 3199 1441 3263; x_wconf 87' lang='lat' dir='ltr'>verbis</span> 
     </span>
    </p>
   </div>
   <div class='ocr_carea' id='block_1_6' title="bbox 484 3298 1496 4402">
    <p class='ocr_par' dir='ltr' id='par_1_6' title="bbox 484 3298 1496 4402">
     <span class='ocr_line' id='line_1_24' title="bbox 487 3298 1496 3383; baseline 0.003 -21"><span class='ocrx_word' id='word_1_165' title='bbox 487 3298 696 3383; x_wconf 86' lang='lat' dir='ltr'>imperatoris,</span> <span class='ocrx_word' id='word_1_166' title='bbox 711 3317 784 3381; x_wconf 87' lang='lat' dir='ltr'>quae</span> <span class='ocrx_word' id='word_1_167' title='bbox 798 3318 855 3381; x_wconf 87' lang='lat' dir='ltr'>per</span> <span class='ocrx_word' id='word_1_168' title='bbox 871 3298 1020 3361; x_wconf 86' lang='lat' dir='ltr'>abbatem</span> <span class='ocrx_word' id='word_1_169' title='bbox 1040 3312 1156 3361; x_wconf 81' lang='lat' dir='ltr'>sanctae</span> <span class='ocrx_word' id='word_1_170' title='bbox 1172 3298 1285 3363; x_wconf 83' lang='lat' dir='ltr'>Mariae</span> <span class='ocrx_word' id='word_1_171' title='bbox 1300 3299 1341 3363; x_wconf 91' lang='lat' dir='ltr'>de</span> <span class='ocrx_word' id='word_1_172' title='bbox 1356 3304 1442 3365; x_wconf 90' lang='lat' dir='ltr'>Voto</span> <span class='ocrx_word' id='word_1_173' title='bbox 1492 3375 1496 3381; x_wconf 27' lang='lat'>¹</span> 
     </span>
     <span class='ocr_line' id='line_1_25' title="bbox 487 3398 1441 3485; baseline 0.003 -22"><span class='ocrx_word' id='word_1_174' title='bbox 487 3411 564 3463; x_wconf 89' lang='lat' dir='ltr'>tunc</span> <span class='ocrx_word' id='word_1_175' title='bbox 596 3398 820 3472; x_wconf 87' lang='lat' dir='ltr'>transmiserat,</span> <span class='ocrx_word' id='word_1_176' title='bbox 844 3398 1034 3484; x_wconf 89' lang='lat' dir='ltr'>promittens</span> <span class='ocrx_word' id='word_1_177' title='bbox 1063 3423 1169 3483; x_wconf 87' lang='lat' dir='ltr'>regem</span> <span class='ocrx_word' id='word_1_178' title='bbox 1194 3401 1323 3485; x_wconf 82' lang='lat' dir='ltr'>Angliae</span> <span class='ocrx_word' id='word_1_179' title='bbox 1349 3402 1441 3466; x_wconf 84' lang='lat' dir='ltr'>facile</span> 
     </span>
     <span class='ocr_line' id='line_1_26' title="bbox 487 3499 1440 3590; baseline 0.003 -24"><span class='ocrx_word' id='word_1_180' title='bbox 487 3524 579 3590; x_wconf 88' lang='lat' dir='ltr'>posse</span> <span class='ocrx_word' id='word_1_181' title='bbox 594 3499 702 3564; x_wconf 87' lang='lat' dir='ltr'>induci</span> <span class='ocrx_word' id='word_1_182' title='bbox 722 3499 762 3563; x_wconf 87' lang='lat' dir='ltr'>ad</span> <span class='ocrx_word' id='word_1_183' title='bbox 784 3524 998 3586; x_wconf 71' lang='lat' dir='ltr'>quaecumque</span> <span class='ocrx_word' id='word_1_184' title='bbox 1019 3502 1112 3565; x_wconf 87' lang='lat' dir='ltr'>vellet</span> <span class='ocrx_word' id='word_1_185' title='bbox 1134 3502 1282 3567; x_wconf 91' lang='lat' dir='ltr'>domiuus</span> <span class='ocrx_word' id='word_1_186' title='bbox 1304 3505 1440 3590; x_wconf 85' lang='lat' dir='ltr'>papa,si</span> 
     </span>
     <span class='ocr_line' id='line_1_27' title="bbox 485 3602 1438 3692; baseline 0.002 -23"><span class='ocrx_word' id='word_1_187' title='bbox 485 3606 553 3692; x_wconf 89' lang='lat' dir='ltr'>ipse</span> <span class='ocrx_word' id='word_1_188' title='bbox 576 3626 677 3689; x_wconf 80' lang='lat' dir='ltr'>reges,</span> <span class='ocrx_word' id='word_1_189' title='bbox 702 3616 738 3667; x_wconf 91' lang='lat' dir='ltr'>ut</span> <span class='ocrx_word' id='word_1_190' title='bbox 768 3602 824 3667; x_wconf 93' lang='lat' dir='ltr'>diu</span> <span class='ocrx_word' id='word_1_191' title='bbox 848 3603 984 3688; x_wconf 87' lang='lat' dir='ltr'>petitum</span> <span class='ocrx_word' id='word_1_192' title='bbox 1009 3618 1066 3680; x_wconf 91' lang='lat' dir='ltr'>est,</span> <span class='ocrx_word' id='word_1_193' title='bbox 1097 3604 1191 3668; x_wconf 88' lang='lat' dir='ltr'>vellet</span> <span class='ocrx_word' id='word_1_194' title='bbox 1213 3606 1438 3671; x_wconf 86' lang='lat' dir='ltr'>confoederare.</span> 
     </span>
     <span class='ocr_line' id='line_1_28' title="bbox 486 3705 1440 3795; baseline -0.002 -21"><span class='ocrx_word' id='word_1_195' title='bbox 486 3708 543 3774; x_wconf 91' lang='lat' dir='ltr'>Ad</span> <span class='ocrx_word' id='word_1_196' title='bbox 558 3706 646 3795; x_wconf 88' lang='lat' dir='ltr'>quod</span> <span class='ocrx_word' id='word_1_197' title='bbox 659 3705 737 3793; x_wconf 85' lang='lat' dir='ltr'>quia</span> <span class='ocrx_word' id='word_1_198' title='bbox 751 3705 898 3771; x_wconf 87' lang='lat' dir='ltr'>dominus</span> <span class='ocrx_word' id='word_1_199' title='bbox 913 3729 997 3793; x_wconf 79' lang='lat' dir='ltr'>papa</span> <span class='ocrx_word' id='word_1_200' title='bbox 1013 3728 1131 3791; x_wconf 89' lang='lat' dir='ltr'>pronus</span> <span class='ocrx_word' id='word_1_201' title='bbox 1146 3721 1205 3781; x_wconf 90' lang='lat' dir='ltr'>est,</span> <span class='ocrx_word' id='word_1_202' title='bbox 1220 3722 1252 3771; x_wconf 88' lang='lat' dir='ltr'>et</span> <span class='ocrx_word' id='word_1_203' title='bbox 1268 3731 1322 3773; x_wconf 86' lang='lat' dir='ltr'>rex</span> <span class='ocrx_word' id='word_1_204' title='bbox 1339 3709 1440 3772; x_wconf 86' lang='lat' dir='ltr'>Fran-</span> 
     </span>
     <span class='ocr_line' id='line_1_29' title="bbox 487 3809 1439 3897; baseline -0.001 -20"><span class='ocrx_word' id='word_1_205' title='bbox 487 3834 598 3877; x_wconf 90' lang='lat' dir='ltr'>corum</span> <span class='ocrx_word' id='word_1_206' title='bbox 626 3810 729 3874; x_wconf 90' lang='lat' dir='ltr'>facilis</span> <span class='ocrx_word' id='word_1_207' title='bbox 753 3810 908 3887; x_wconf 85' lang='lat' dir='ltr'>inclinari,</span> <span class='ocrx_word' id='word_1_208' title='bbox 932 3809 973 3873; x_wconf 88' lang='lat' dir='ltr'>de</span> <span class='ocrx_word' id='word_1_209' title='bbox 1002 3809 1163 3895; x_wconf 90' lang='lat' dir='ltr'>colloquio</span> <span class='ocrx_word' id='word_1_210' title='bbox 1187 3833 1244 3873; x_wconf 89' lang='lat' dir='ltr'>suo</span> <span class='ocrx_word' id='word_1_211' title='bbox 1272 3824 1304 3875; x_wconf 88' lang='lat' dir='ltr'>et</span> <span class='ocrx_word' id='word_1_212' title='bbox 1326 3834 1439 3897; x_wconf 87' lang='lat' dir='ltr'>regum</span> 
     </span>
     <span class='ocr_line' id='line_1_30' title="bbox 487 3913 1440 3998; baseline -0.003 -18"><span class='ocrx_word' id='word_1_213' title='bbox 487 3929 593 3980; x_wconf 90' lang='lat' dir='ltr'>certus</span> <span class='ocrx_word' id='word_1_214' title='bbox 607 3938 673 3978; x_wconf 91' lang='lat' dir='ltr'>esse</span> <span class='ocrx_word' id='word_1_215' title='bbox 689 3914 868 3979; x_wconf 90' lang='lat' dir='ltr'>videbatur.</span> <span class='ocrx_word' id='word_1_216' title='bbox 894 3916 941 3978; x_wconf 89' lang='lat' dir='ltr'>Et</span> <span class='ocrx_word' id='word_1_217' title='bbox 951 3914 1019 3998; x_wconf 86' lang='lat' dir='ltr'>jam</span> <span class='ocrx_word' id='word_1_218' title='bbox 1035 3935 1140 3997; x_wconf 84' lang='lat' dir='ltr'>regem</span> <span class='ocrx_word' id='word_1_219' title='bbox 1152 3913 1350 3977; x_wconf 88' lang='lat' dir='ltr'>Francorum</span> <span class='ocrx_word' id='word_1_220' title='bbox 1365 3934 1440 3977; x_wconf 90' lang='lat' dir='ltr'>evo-</span> 
     </span>
     <span class='ocr_line' id='line_1_31' title="bbox 486 4012 1440 4097; baseline -0.002 -18"><span class='ocrx_word' id='word_1_221' title='bbox 486 4029 623 4093; x_wconf 86' lang='lat' dir='ltr'>caverat,</span> <span class='ocrx_word' id='word_1_222' title='bbox 640 4028 676 4080; x_wconf 90' lang='lat' dir='ltr'>ut</span> <span class='ocrx_word' id='word_1_223' title='bbox 693 4015 929 4079; x_wconf 85' lang='lat' dir='ltr'>Purificationis</span> <span class='ocrx_word' id='word_1_224' title='bbox 942 4015 1060 4079; x_wconf 77' lang='lat' dir='ltr'>festum</span> <span class='ocrx_word' id='word_1_225' title='bbox 1073 4027 1180 4097; x_wconf 84' lang='lat' dir='ltr'>ageret</span> <span class='ocrx_word' id='word_1_226' title='bbox 1191 4036 1310 4078; x_wconf 86' lang='lat' dir='ltr'>secum.</span> <span class='ocrx_word' id='word_1_227' title='bbox 1356 4012 1440 4077; x_wconf 90' lang='lat' dir='ltr'>Inde</span> 
     </span>
     <span class='ocr_line' id='line_1_32' title="bbox 485 4113 1439 4203; baseline 0 -24"><span class='ocrx_word' id='word_1_228' title='bbox 485 4139 561 4180; x_wconf 91' lang='lat' dir='ltr'>vero</span> <span class='ocrx_word' id='word_1_229' title='bbox 576 4115 767 4199; x_wconf 87' lang='lat' dir='ltr'>digrediens,</span> <span class='ocrx_word' id='word_1_230' title='bbox 780 4139 887 4200; x_wconf 84' lang='lat' dir='ltr'>regern</span> <span class='ocrx_word' id='word_1_231' title='bbox 908 4116 1037 4178; x_wconf 90' lang='lat' dir='ltr'>obvium</span> <span class='ocrx_word' id='word_1_232' title='bbox 1054 4116 1154 4179; x_wconf 90' lang='lat' dir='ltr'>habui</span> <span class='ocrx_word' id='word_1_233' title='bbox 1175 4139 1276 4203; x_wconf 87' lang='lat' dir='ltr'>prope</span> <span class='ocrx_word' id='word_1_234' title='bbox 1290 4113 1439 4191; x_wconf 81' lang='lat' dir='ltr'>Parisios,</span> 
     </span>
     <span class='ocr_line' id='line_1_33' title="bbox 485 4213 1439 4297; baseline -0.003 -17"><span class='ocrx_word' id='word_1_235' title='bbox 485 4228 517 4280; x_wconf 92' lang='lat' dir='ltr'>et</span> <span class='ocrx_word' id='word_1_236' title='bbox 540 4235 614 4276; x_wconf 91' lang='lat' dir='ltr'>cum</span> <span class='ocrx_word' id='word_1_237' title='bbox 635 4236 673 4275; x_wconf 89' lang='lat' dir='ltr'>eo</span> <span class='ocrx_word' id='word_1_238' title='bbox 695 4213 751 4275; x_wconf 92' lang='lat' dir='ltr'>diu</span> <span class='ocrx_word' id='word_1_239' title='bbox 767 4214 922 4297; x_wconf 91' lang='lat' dir='ltr'>loquutus</span> <span class='ocrx_word' id='word_1_240' title='bbox 938 4235 1031 4285; x_wconf 89' lang='lat' dir='ltr'>sum;</span> <span class='ocrx_word' id='word_1_241' title='bbox 1056 4226 1088 4277; x_wconf 92' lang='lat' dir='ltr'>et</span> <span class='ocrx_word' id='word_1_242' title='bbox 1104 4213 1177 4279; x_wconf 89' lang='lat' dir='ltr'>licet</span> <span class='ocrx_word' id='word_1_243' title='bbox 1200 4218 1292 4280; x_wconf 89' lang='lat' dir='ltr'>vobis</span> <span class='ocrx_word' id='word_1_244' title='bbox 1307 4225 1339 4278; x_wconf 91' lang='lat' dir='ltr'>et</span> <span class='ocrx_word' id='word_1_245' title='bbox 1361 4236 1439 4278; x_wconf 85' lang='lat' dir='ltr'>exu-</span> 
     </span>
     <span class='ocr_line' id='line_1_34' title="bbox 484 4312 1441 4402; baseline -0.004 -18"><span class='ocrx_word' id='word_1_246' title='bbox 484 4319 569 4384; x_wconf 91' lang='lat' dir='ltr'>libus</span> <span class='ocrx_word' id='word_1_247' title='bbox 583 4312 696 4379; x_wconf 90' lang='lat' dir='ltr'>vestris</span> <span class='ocrx_word' id='word_1_248' title='bbox 710 4325 954 4397; x_wconf 83' lang='lat' dir='ltr'>compateretur,</span> <span class='ocrx_word' id='word_1_249' title='bbox 970 4325 1002 4376; x_wconf 86' lang='lat' dir='ltr'>et</span> <span class='ocrx_word' id='word_1_250' title='bbox 1018 4313 1098 4377; x_wconf 83' lang='lat' dir='ltr'>banc</span> <span class='ocrx_word' id='word_1_251' title='bbox 1114 4314 1233 4380; x_wconf 91' lang='lat' dir='ltr'>domini</span> <span class='ocrx_word' id='word_1_252' title='bbox 1253 4316 1340 4402; x_wconf 82' lang='lat' dir='ltr'>regis</span> <span class='ocrx_word' id='word_1_253' title='bbox 1352 4314 1441 4380; x_wconf 87' lang='lat' dir='ltr'>duri-</span> 
     </span>
    </p>
   </div>
   <div class='ocr_carea' id='block_1_7' title="bbox 387 4413 1440 4503">
    <p class='ocr_par' dir='ltr' id='par_1_7' title="bbox 387 4413 1440 4503">
     <span class='ocr_line' id='line_1_35' title="bbox 387 4413 1440 4503; baseline -0.009 -16"><span class='ocrx_word' id='word_1_254' title='bbox 387 4495 390 4502; x_wconf 46' lang='lat'>,</span> <span class='ocrx_word' id='word_1_255' title='bbox 485 4421 561 4487; x_wconf 89' lang='lat' dir='ltr'>tiam</span> <span class='ocrx_word' id='word_1_256' title='bbox 570 4414 777 4502; x_wconf 86' lang='lat' dir='ltr'>improbaret,</span> <span class='ocrx_word' id='word_1_257' title='bbox 787 4413 911 4477; x_wconf 87' lang='lat' dir='ltr'>miniori</span> <span class='ocrx_word' id='word_1_258' title='bbox 925 4415 1162 4480; x_wconf 85' lang='lat' dir='ltr'>tamenfervore</span> <span class='ocrx_word' id='word_1_259' title='bbox 1172 4416 1440 4503; x_wconf 83' lang='lat' dir='ltr'>loquividebotur</span> 
     </span>
    </p>
   </div>
   <div class='ocr_carea' id='block_1_8' title="bbox 0 0 1942 5725">
    <p class='ocr_par' dir='ltr' id='par_1_8' title="bbox 0 0 1942 5725">
     <span class='ocr_line' id='line_1_36' title="bbox 0 0 1942 5725; baseline 0 2"><span class='ocrx_word' id='word_1_260' title='bbox 0 0 1942 5725; x_wconf 95' lang='lat' dir='ltr'> </span> 
     </span>
    </p>
   </div>
  </div>
 </body>
</html>
