3875 5725
491 822 533 879 to
749 833 885 879 scisma
902 832 1184 880 sanasamuansrs
1364 814 1411 896 [a.
1429 832 1464 878 o.

492 1006 632 1066 nensem,
643 986 818 1073 episcopos,
828 983 961 1050 dilectos
972 984 1054 1049 filios
1066 997 1201 1061 vestros,
1215 1007 1273 1070 per
1286 987 1458 1049 Sorensem

495 1097 527 1151 ct
544 1086 899 1152 winchelcumbensem
917 1086 1050 1151 abbates
1063 1085 1105 1150 ad
1121 1107 1178 1150 vor
1193 1083 1457 1164 transmittimus,

492 1189 524 1253 in
541 1192 661 1254 virtute
682 1187 872 1253 obedientiae
895 1208 953 1272 pro
968 1185 1158 1254 auctoritate
1178 1187 1353 1274 apostolica
1368 1209 1456 1273 prae·

495 1290 656 1376 cipientes,
677 1304 713 1354 ut
735 1311 844 1353 eorum
867 1289 998 1353 consilio
1020 1290 1167 1372 proxima
1190 1287 1358 1353 Dominica
1380 1300 1454 1372 post

496 1391 613 1454 festum
631 1396 661 1456 S.
682 1390 814 1457 Joannis
830 1389 984 1475 Baptistae
998 1390 1124 1474 eligatis
1138 1389 1229 1454 vobis
1243 1389 1275 1452 in
1291 1389 1455 1468 abbatem,

496 1513 661 1577 personam
669 1490 859 1572 religiosam,
868 1490 1225 1565 litteratam‚habentem
1236 1491 1356 1555 bouum
1366 1492 1456 1555 testi·

496 1593 637 1656 monium
661 1592 775 1657 abhis
798 1592 852 1678 qui
876 1592 952 1655 foris
975 1606 1061 1667 sunt,
1084 1593 1140 1678 qui
1164 1606 1294 1657 auctore
1312 1593 1454 1658 Domino

496 1716 631 1780 praeesse
647 1693 759 1769 valeat,
774 1706 806 1758 et
821 1693 978 1779 prodesse.
1010 1695 1043 1758 Si
1059 1716 1134 1758 vero
1150 1694 1453 1780 praenominatorum

494 1796 630 1861 fratrum
653 1796 789 1883 aliquem
811 1796 916 1859 animo
938 1810 970 1860 et
992 1818 1123 1881 corpore
1143 1796 1251 1860 abesse
1268 1796 1452 1881 contigerit,

494 1897 699 1962 nibilominus
713 1896 855 1961 obtineat
877 1894 962 1980 apud
981 1918 1036 1957 vos
1056 1895 1221 1959 consilium
1240 1895 1450 1982 reliquorum.

496 1999 620 2062 Scimus
634 2011 740 2062 autem
753 1997 841 2082 quod
858 2010 921 2060 tam
935 1998 1093 2081 religioso,
1105 2012 1169 2061 tam
1185 1997 1305 2062 salubri
1317 1998 1451 2064 consilio

496 2110 656 2183 gratanter
679 2102 871 2184 acquiescet,
897 2099 1045 2185 quisquis
1068 2100 1100 2162 in
1127 2099 1219 2162 vobis
1244 2122 1305 2164 non
1330 2100 1450 2185 quaerit

495 2222 567 2284 quae
590 2223 648 2264 sua
671 2214 756 2275 sunt,
773 2199 826 2262 sed
849 2223 921 2284 quae
936 2205 1013 2266 Jesu
1036 2201 1166 2265 Christi.
1213 2201 1347 2265 Illorum
1371 2224 1448 2267 vero

495 2322 602 2365 vocem
624 2302 751 2365 omnino
773 2325 976 2386 evacuamus,
992 2304 1048 2389 qui
1073 2316 1181 2368 sancto
1201 2304 1335 2389 Spiritui
1356 2304 1452 2368 resis-

492 2413 594 2466 tentes
620 2425 638 2466 a
664 2404 900 2488 prenominatis
928 2403 1083 2468 fratribus
1112 2404 1153 2468 ad
1184 2404 1244 2467 hoc
1269 2403 1448 2485 destinatis,

492 2502 694 2568 invenientur
712 2526 812 2580 sunm,
832 2518 864 2568 et
886 2503 1033 2579 aliorum,
1054 2520 1211 2590 quantum
1234 2506 1265 2569 in
1288 2505 1365 2592 ipsis
1384 2512 1445 2582 est,

494 2605 646 2691 impedire
662 2606 812 2671 salutem:
839 2629 896 2669 nec
914 2606 952 2669 ad
976 2607 1139 2670 dominum
1160 2630 1267 2690 regem
1283 2630 1315 2671 se
1336 2607 1446 2674 credat

492 2708 607 2794 aliquis
633 2723 771 2774 vestrum
800 2708 915 2773 habere
944 2709 1143 2794 confugium,
1168 2710 1244 2794 quia
1273 2711 1301 2774 ei
1332 2710 1447 2775 salutis

492 2825 605 2877 vestrae
620 2812 731 2878 dilatio
750 2811 882 2877 molesta
901 2812 973 2887 erit,
990 2812 1046 2898 qui
1070 2812 1171 2889 vobis,
1187 2834 1226 2876 ne
1247 2812 1444 2892 differretlrr,

489 2915 521 2976 in
538 2915 596 2979 hac
612 2928 701 3001 parte
717 2914 872 2980 commisit
887 2915 972 2978 vices
987 2937 1068 2977 suas.
1115 2913 1235 2978 Valete.

534 3227 754 3290 EPISTOLA
779 3228 1256 3293 XXXVlil.-aoann1aunu
1272 3247 1392 3293 rarum.

748 3372 889 3432 Domino
903 3369 1010 3451 Papae
1028 3372 1181 3433 Adriano.

533 3524 705 3586 Dmucrus
735 3518 821 3584 lilius
855 3534 962 3585 noster
993 3522 1033 3583 R.
1071 3532 1181 3583 cantor
1211 3518 1442 3584 Linoolnieusis

488 3623 638 3700 ecclesiae,
654 3627 703 3687 vir
723 3624 900 3687 litterarum
924 3622 1114 3697 eruditione,
1129 3630 1161 3684 et
1183 3644 1306 3686 morum
1329 3622 1441 3686 bones·

488 3739 554 3791 tate
569 3725 750 3799 laudabilis,
766 3737 900 3808 urgente
922 3723 1115 3788 necessitatis
1138 3722 1284 3799 articulo,
1300 3722 1340 3786 ad
1362 3723 1441 3810 lapi-

488 3827 559 3891 dem
583 3828 746 3912 adjutorii,
770 3848 979 3891 successorem
999 3823 1087 3888 Petri
1109 3823 1282 3909 confugere
1303 3822 1439 3908 cogitur,

488 3942 520 3991 et
535 3930 618 3992 sedis
640 3929 820 4013 apostolicae
843 3927 999 3991 auxilium
1022 3923 1202 4009 implorare,
1218 3925 1306 4010 quod
1330 3924 1384 3987 illa
1406 3924 1438 3987 in

487 4026 665 4091 exhibenda
676 4030 805 4113 justitia
819 4030 984 4093 consuevit
998 4026 1147 4090 omnibus
1162 4026 1330 4111 impertiri.
1358 4027 1440 4089 Cau-

487 4150 552 4191 sam
574 4129 654 4212 ejns,
673 4130 732 4192 etsi
752 4129 844 4192 nobis
866 4130 905 4193 ad
929 4128 1060 4215 plenum
1083 4150 1145 4191 non
1166 4126 1298 4213 liqueat,
1316 4128 1439 4212 justam

486 4253 553 4295 esse
567 4228 772 4293 confidimus:
802 4252 858 4292 nec
873 4253 945 4293 eum
962 4253 1004 4294 ex
1024 4230 1213 4295 conscientia
1228 4227 1388 4292 credimus
1407 4229 1440 4291 in

486 4333 642 4398 laesionem
656 4329 787 4395 alterius
799 4330 977 4413 transgredi
989 4330 1102 4395 lineam
1114 4330 1286 4417 aequitatis.
1311 4327 1442 4414 Suppli-

484 4456 592 4497 camus
612 4432 719 4517 itaque
743 4428 908 4513 Majestati
927 4441 1053 4509 vestrae,
1069 4444 1105 4493 ut
1129 4450 1294 4514 personam
1316 4430 1396 4514 ejus,
1414 4429 1440 4492 si
