3875 5725
495 875 599 956 ilar]
876 891 1055 934 aersroma.
1377 879 1439 938 317

490 1045 599 1125 magni
621 1045 766 1118 facimus,
790 1043 864 1105 dum
888 1041 1036 1126 proficiat
1058 1042 1158 1103 vobis.
1203 1043 1440 1108 Excusavimus
1539 1099 1543 1107 .

490 1146 708 1209 innocentiam
728 1151 864 1206 vestram
884 1141 969 1225 apud
990 1141 1156 1204 dominum
1179 1140 1440 1207 cantuariensem

489 1255 521 1309 et
547 1248 624 1310 satis
650 1252 803 1309 excusata
828 1256 887 1317 est,
911 1252 946 1306 ut
969 1240 1050 1305 nulli
1078 1241 1224 1305 suadenti
1250 1246 1440 1310 contrarium

492 1346 587 1410 fidem
603 1347 760 1411 habeatis.
800 1345 1009 1420 Praemetitur,
1021 1356 1053 1406 01
1067 1344 1160 1407 timet
1173 1344 1315 1427 pericula
1329 1356 1442 1425 vestra,

490 1460 526 1511 11
551 1470 609 1512 vos
631 1449 722 1511 malit
747 1467 821 1509 cum
843 1445 914 1509 aliis
940 1447 1073 1509 exulare
1098 1445 1251 1523 Domino,
1274 1468 1371 1529 quam
1393 1449 1442 1511 in·

490 1550 619 1626 utiliter,
639 1560 671 1612 et
692 1549 844 1630 probrose
867 1548 989 1608 conteri
1010 1545 1142 1608 mundo.
1186 1548 1255 1608 Vos
1276 1559 1442 1632 utramque

489 1660 611 1733 partem
625 1646 811 1730 ponderate,
825 1656 859 1707 et
878 1643 918 1706 de
939 1644 1076 1706 consilio
1091 1644 1161 1727 ejus
1176 1656 1343 1720 01100110,
1360 1674 1442 1717 0011-

492 1771 548 1831 per
563 1747 734 1831 sequimini
756 1746 899 1820 meliora,
914 1743 948 1805 id
973 1754 1022 1806 est
1044 1764 1115 1825 quae
1140 1745 1294 1826 Domino,
1309 1751 1336 1811 si
1351 1751 1441 1815 inuo-

490 1851 609 1913 tuerint
623 1849 726 1924 vobis,
736 1848 840 1927 magis
856 1847 978 1928 placita
992 1846 1117 1908 suerint.
1162 1847 1258 1919 Quod
1273 1851 1301 1912 si
1316 1861 1350 1914 et
1363 1854 1444 1918 illud

491 1949 676 2032 ambiguum
692 1960 741 2012 001
756 1960 811 2011 111
825 1948 1001 2024 occultum,
1015 1947 1096 2010 fides
1116 1948 1281 2030 sequenda
1295 1962 1353 2030 est,
1369 1956 1445 2037 quia

492 2052 580 2135 quod
595 2073 659 2114 non
675 2062 780 2114 estex
796 2070 844 2123 ea,
859 2060 1028 2131 peccatum
1043 2059 1101 2111 001.
1146 2049 1249 2112 Mittit
1263 2073 1339 2133 ergo
1353 2057 1445 2121 vobis

493 2156 612 2218 litteras
635 2152 813 2216 vocationis
836 2150 1013 2233 apostolica
1034 2151 1230 2229 auctoritate,
1252 2156 1444 2239 praecipiens

492 2257 525 2318 in
541 2257 655 2319 virtute
669 2252 874 2329 obedientiae,
892 2251 972 2314 etin
993 2252 1136 2334 periculo
1152 2252 1274 2316 ordinis
1291 2259 1395 2336 vestri,
1408 2271 1446 2324 ut

492 2357 575 2420 infra
599 2354 809 2438 quadraginta
833 2353 902 2415 dies
931 2373 951 2415 a
980 2352 1183 2435 susceptione
1214 2375 1334 2432 earum,
1358 2362 1445 2424 omni

492 2457 662 2521 occasione
678 2465 710 2518 01
724 2455 876 2519 dilatione
891 2454 1081 2537 postposita,
1096 2452 1258 2519 accedatis
1273 2458 1314 2521 ad
1329 2459 1447 2544 ipsum,

495 2556 634 2620 audituri
645 2555 832 2617 mandatum
848 2553 972 2615 domini
983 2574 1088 2635 papae,
1099 2566 1131 2616 et
1145 2554 1185 2617 de
1199 2559 1445 2626 necessitatibus

496 2656 642 2718 ecclesiae
658 2655 830 2718 tractaturi.
871 2655 938 2716 Vos
954 2662 1071 2729 autem,
1087 2654 1114 2714 si
1129 2652 1269 2717 videritis
1283 2660 1374 2722 vobis
1389 2684 1446 2726 ex·

495 2755 617 2838 pedire,
646 2754 797 2817 mandato
835 2753 965 2836 quidem
995 2753 1146 2816 utemini:
1184 2755 1233 2817 011
1262 2769 1368 2822 autem
1398 2763 1445 2828 sic

495 2856 661 2940 accipiatis
685 2854 724 2919 de
747 2876 909 2918 consensu
930 2853 1121 2931 mandantis,
1144 2856 1236 2939 quasi
1260 2860 1446 2927 mandatum

495 2980 559 3022 non
576 2958 677 3021 suerit
724 2958 799 3020 Non
822 2956 1014 3020 enimvobis
1032 2957 1182 3039 laqueum
1198 2961 1448 3044 procuravimus,

497 3061 578 3123 01011
600 3060 696 3122 111011
719 3080 848 3122 suorum
871 3060 1038 3139 negligens
1060 3057 1225 3141 diligentia
1247 3067 1446 3146 praeparavit.

497 3161 563 3225 Sed
584 3181 684 3244 puero
707 3160 854 3223 dedimus
876 3160 909 3222 11
932 3159 1091 3222 mandatis
1113 3171 1149 3223 ut
1170 3162 1329 3243 Magistro
1350 3167 1448 3231 Bald-

496 3262 578 3323 wino
604 3260 831 3323 archidiacono
858 3270 912 3323 aut
934 3261 1079 3323 Roberto
1104 3262 1171 3324 filio
1195 3263 1334 3343 AEgidiae
1359 3267 1448 3331 fratri

497 3374 605 3425 nostro
625 3360 730 3424 tradat
743 3360 876 3437 litteras,
891 3370 924 3423 et
945 3370 1059 3442 postea
1073 3360 1101 3424 si
1116 3383 1170 3425 eas
1185 3365 1346 3430 volueritis
1367 3370 1447 3434 reci·

497 3461 763 3547 pere‚velviderc‚
774 3462 831 3524 fiat
839 3482 897 3545 pro
906 3462 1231 3543 beneplacitovestro.
1247 3466 1330 3531 Haec
1340 3480 1448 3534 autem

495 3586 554 3647 pro
569 3573 656 3626 certo
671 3563 789 3638 sciatis,
799 3564 876 3647 quia
889 3563 952 3627 nisi
962 3585 1022 3626 rex
1031 3565 1229 3629 Willelmum
1245 3571 1448 3650 capellanum

495 3665 679 3741 reddiderit,
703 3665 736 3726 in
763 3676 862 3748 caput
891 3666 960 3750 ejus
982 3666 1099 3729 feretur
1128 3669 1287 3731 sententia
1316 3672 1447 3733 anathe-

498 3766 602 3841 matis,
617 3785 677 3828 nec
695 3765 723 3827 ei
739 3766 854 3828 amodo
870 3778 1017 3847 parcetur
1030 3767 1065 3828 in
1079 3766 1199 3848 aliquo,
1214 3767 1242 3827 si
1257 3768 1332 3832 talia
1346 3777 1448 3833 atten-

497 3876 563 3928 tare
577 3863 823 3948 praesumpserit.
