3875 5725
429 915 622 994 nob—66]
832 930 1012 975 nersrotm.
1317 909 1380 968 209

423 1087 593 1166 superbam
623 1081 852 1166 professionem
878 1081 1046 1163 sapientiae
1074 1076 1135 1142 Dei
1161 1075 1318 1162 sapientia
1346 1088 1378 1137 et

424 1186 541 1248 virtute
557 1184 696 1247 destitui.

468 1286 633 1368 Quiaergo
644 1287 825 1350 denumero
834 1288 987 1350 librorum
998 1286 1139 1349 diversas
1148 1281 1379 1364 etmultiplices

424 1397 548 1471 patrum
563 1389 636 1469 lego
651 1387 839 1461 sententias,
853 1387 1031 1450 Catholicae
1044 1386 1202 1449 Ecclesiae
1214 1383 1378 1446 doctorem

426 1489 658 1572 Hieronymum
668 1509 919 1570 sequens,quem
929 1485 1299 1549 inconstrnendolitterae
1309 1483 1379 1544 sun·

426 1589 577 1653 dumento
588 1589 849 1671 probatissimum
866 1588 981 1664 habeo,
993 1587 1077 1649 sicut
1088 1596 1213 1649 constat
1223 1605 1293 1647 esse
1305 1584 1379 1646 xxii

424 1689 546 1752 litteras
560 1689 785 1760 Hebraeorum,
797 1687 843 1749 sio
858 1687 930 1748 xxii
945 1685 1045 1747 libros
1057 1687 1169 1747 veteris
1180 1683 1378 1745 Testamenti

425 1791 459 1851 in
478 1790 577 1851 tribus
593 1787 762 1849 distinctos
778 1786 943 1848 ordinibus
957 1786 1177 1847 indubitanter
1192 1785 1298 1847 credo.
1335 1786 1379 1846 Et
1462 1836 1464 1842 .

426 1890 549 1973 primus
565 1887 695 1972 quidem
712 1886 789 1949 ordo
804 1886 1061 1948 Pentateuchum
1074 1885 1225 1962 continet,
1237 1885 1380 1968 quinque

428 1990 552 2053 scilicet
567 1991 663 2051 libros
679 1988 789 2071 Moysi
805 1988 850 2050 sic
868 2006 925 2069 pro
946 1995 1216 2049 sacramentorum
1232 1985 1381 2048 varietate

428 2092 558 2166 divisos,
587 2099 620 2153 et
648 2091 675 2152 si
706 2090 890 2152 continuam
923 2088 962 2152 de
993 2089 1125 2152 historia
1154 2097 1280 2150 constet
1309 2106 1381 2148 esse

427 2193 603 2256 materiam.
649 2193 696 2254 Hi
708 2202 781 2254 sunt
797 2190 946 2267 Genesis,
955 2189 1104 2267 Exodns,
1116 2189 1288 2265 Leviticus,
1299 2189 1381 2250 liber

427 2289 953 2373 Numerorum,Deuteronomium.
979 2291 1382 2355 Secundusordocontinet

425 2395 620 2479 prophetias,
648 2406 680 2458 et
706 2402 779 2458 octo
806 2395 895 2457 libris
926 2395 1084 2477 expletur,
1110 2395 1165 2478 qui
1194 2415 1291 2478 quare
1313 2413 1379 2477 prae

427 2499 549 2561 caeteris
562 2497 708 2560 dicantur
719 2497 906 2580 prophetiae,
917 2518 1014 2579 quum
1028 2495 1126 2580 aliqui
1137 2518 1246 2559 eornm
1259 2495 1379 2558 nudam

426 2599 539 2661 referre
562 2597 729 2660 videantur
743 2598 917 2669 historiam,
934 2595 1034 2658 etalii
1055 2599 1254 2680 prophetiam
1270 2611 1382 2660 texen-

427 2708 486 2771 tes,
501 2698 585 2760 sicut
600 2698 728 2772 Daniel,
742 2698 889 2779 liberque
905 2696 1118 2772 Psalmorum,
1132 2698 1166 2758 in
1182 2697 1381 2780 propheticis

429 2819 495 2862 non
505 2807 696 2860 censeantur
706 2797 869 2880 operibus,
878 2816 939 2857 nec
950 2796 984 2856 in
995 2796 1171 2879 quaestione
1182 2796 1383 2879 propositum

430 2908 488 2974 est,
504 2920 565 2961 nec
588 2899 749 2981 temporis,
767 2906 822 2959 aut
844 2896 976 2959 schedae
991 2898 1138 2977 angustia
1160 2918 1245 2959 nunc
1264 2897 1383 2980 patitur

429 3000 605 3082 explicare,
628 2996 684 3060 sed
707 3019 768 3061 nec
791 2998 944 3059 instantia
966 2998 1140 3079 portitoris.
1185 2996 1225 3059 In
1241 2998 1292 3058 his
1307 3017 1382 3077 ergo

430 3110 647 3173 numerantur,
660 3098 681 3159 J
683 3118 771 3174 osne,
785 3098 868 3159 liber
882 3098 903 3159 J
905 3095 1046 3171 udicum,
1063 3098 1114 3159 cui
1126 3096 1340 3180 compingitur
1351 3107 1384 3156 et

431 3199 531 3274 Ruth,
561 3195 712 3281 quoniam
742 3198 775 3259 in
806 3197 919 3260 diebus
948 3199 969 3260 J
973 3197 1113 3275 udicum,
1132 3198 1217 3261 facta
1244 3207 1386 3259 narratur

431 3300 573 3377 historia,
584 3300 724 3382 itemque
736 3299 874 3375 Samuel,
887 3300 983 3383 quiin
1000 3300 1125 3362 duobus
1136 3299 1246 3383 primis
1256 3299 1384 3378 Regum

431 3401 657 3477 voluminibus,
672 3410 704 3463 et
719 3400 905 3479 Malachim,
920 3401 1021 3483 quiin
1038 3401 1165 3464 duobus
1177 3400 1385 3484 sequentibus

431 3503 589 3585 expletur,
602 3523 683 3584 quos
699 3513 875 3583 sequuntur
889 3502 1105 3565 voluminibus
1116 3503 1260 3584 singulm,
1273 3503 1385 3578 Isaias,

431 3601 601 3678 Jeremias,
627 3600 782 3665 Ezechiel
795 3626 804 3678 ;
834 3603 914 3665 liber
940 3602 988 3664 xii
1013 3604 1241 3687 prophetarum
1267 3605 1301 3666 irr
1327 3604 1384 3666 ha·

432 3701 616 3783 giographis
646 3701 802 3765 consistit.
848 3701 974 3763 Tertius
1004 3700 1082 3763 ordo
1113 3703 1281 3763 continens
1307 3702 1387 3779 Job,

430 3803 633 3878 Psalterium,
655 3802 782 3864 Eceles.
807 3800 944 3864 Cantica
966 3800 1187 3876 (leuticorum,
1203 3802 1385 3877 Danielem,

432 3903 711 3987 Paralipomenon,
737 3900 888 3975 Esdram,
914 3911 946 3963 et
972 3902 1099 3963 Hester.
1152 3902 1198 3963 Et
1223 3902 1269 3963 sic
1294 3902 1386 3963 colli-

433 4014 549 4081 guntur
571 4005 603 4065 in
628 4025 752 4066 summa
776 4002 847 4063 xxii
860 4001 935 4062 libri
955 4002 1070 4063 veteris
1085 4001 1293 4076 Testamenti,
1307 4003 1386 4068 licet

433 4104 577 4187 nonnulli
603 4105 720 4166 librum
748 4102 849 4179 Ruth,
875 4112 906 4163 et
932 4099 1195 4164 Lamentationes
1223 4101 1387 4183 Jeremiae,

433 4201 467 4261 in
495 4201 783 4287 hagiographorum
812 4225 944 4267 numero
974 4215 1126 4267 censeant
1155 4206 1387 4288 supputandos,

434 4313 470 4364 ut
484 4303 518 4363 in
534 4304 611 4363 xxiv
629 4326 752 4367 summa
767 4305 907 4368 omnium
920 4304 1079 4368 dilatetur.
1109 4306 1154 4368 Et
1167 4306 1237 4371 haec
1253 4308 1386 4391 quidem

434 4402 642 4465 inveniuntur
652 4403 685 4464 in
700 4407 832 4487 prologo
843 4407 914 4468 libri
927 4408 1063 4487 Regum,
1074 4425 1169 4489 quem
1181 4410 1293 4471 heatus
1306 4410 1387 4471 Hie·

433 4523 587 4585 ronymns
606 4515 699 4567 vocat
720 4506 874 4585 galeatum
893 4506 1074 4587 principem
1089 4508 1232 4571 omnium
1250 4508 1387 4590 scriptu·

478 4622 551 4667 von.
569 4623 591 4666 1.
895 4623 915 4665 Ρ
