3875 5725
496 849 605 928 llos]
873 868 1053 912 nrrsroun.
1381 857 1444 917 335

492 1015 602 1080 eodem
621 1018 732 1102 judice
753 1017 866 1095 fateor,
882 1021 959 1102 quia
977 1017 1108 1082 malote
1128 1017 1163 1080 in
1184 1018 1244 1082 hac
1264 1017 1443 1084 conditione

492 1120 620 1196 versari,
648 1142 745 1206 quam
772 1119 853 1183 illud
878 1119 1015 1204 perfidia
1035 1132 1093 1184 aut
1118 1118 1214 1185 etiam
1240 1144 1443 1207 quacumque

428 1259 432 1265 ·
492 1232 569 1284 nota
590 1221 799 1307 turpitudinis
824 1221 1004 1285 redemisse.
1050 1221 1099 1286 sit
1125 1244 1202 1308 ergo
1226 1245 1323 1302 nunc,
1344 1225 1444 1288 amice

488 1323 568 1401 Dei,
584 1323 640 1408 qui
655 1346 745 1388 meus
765 1346 783 1387 a
806 1323 915 1388 multis
939 1321 1053 1387 diebus
1067 1322 1170 1403 fuisti,
1185 1325 1357 1389 consolatio
1378 1338 1447 1406 tua,

494 1447 568 1510 quae
590 1438 695 1489 meet
720 1424 798 1488 mihi
825 1425 1061 1488 coexulantium
1087 1437 1148 1504 est,
1170 1425 1347 1492 innocentis
1371 1449 1444 1492 con-

495 1528 634 1592 scientiae
658 1528 886 1604 testimonium,
911 1549 977 1611 qua
1000 1526 1079 1590 nihil
1102 1527 1136 1590 in
1159 1527 1226 1592 vita
1248 1541 1355 1613 potest
1378 1553 1445 1595 esse

490 1627 677 1713 jucundius
724 1627 903 1712 Siquidem
919 1626 975 1690 illa

668 1790 808 1800 —-
816 1761 904 1832 judice
912 1777 990 1812 nemo
1001 1777 1097 1813 nocens
1108 1760 1259 1826 absolvitur,

496 1902 567 1965 quae
581 1891 614 1943 et
630 1902 766 1942 vermem
779 1879 990 1944 immortalem
1002 1891 1035 1943 et
1050 1880 1155 1964 ignem
1171 1880 1444 1967 inextinguibilem

494 1983 599 2066 parit:
630 1994 687 2046 aut
702 1994 739 2046 ut
756 1983 862 2046 verius
877 1982 1025 2062 dixerim,
1039 1982 1219 2067 perenniter
1232 1983 1329 2049 fovet.
1372 1987 1445 2049 Non

495 2085 578 2148 enim
602 2084 811 2158 conscientiae,
838 2084 892 2147 sed
918 2083 1023 2168 culpae
1048 2097 1096 2148 est
1121 2097 1234 2173 partus
1255 2088 1327 2163 iste,
1349 2109 1445 2171 quem

496 2209 619 2272 semper
634 2209 652 2249 a
667 2199 698 2250 te
715 2191 804 2251 Deus
818 2185 914 2250 faciat
935 2186 1083 2250 alienum.
1130 2187 1164 2249 Si
1188 2186 1292 2250 deme
1315 2188 1445 2274 quaeris,

496 2311 571 2352 sano
593 2299 624 2351 et
650 2288 812 2365 incolumi,
838 2288 1033 2373 suffragatur
1057 2289 1232 2375 negotiatio
1255 2290 1446 2371 litterarum,

494 2390 675 2476 expectanti
690 2389 937 2454 misericordiam
953 2390 1083 2455 Domini
1094 2394 1128 2456 in
1143 2390 1304 2456 affluentia
1318 2392 1444 2458 illorum

495 2515 568 2575 quae
588 2504 703 2555 natura
726 2491 879 2574 deposcit,
894 2501 950 2555 aut
966 2493 1202 2556 conviventium
1225 2515 1336 2558 mores.
1383 2494 1446 2558 Co-

495 2590 605 2653 exulat
628 2588 705 2651 mihi
729 2589 828 2651 frater
854 2612 944 2651 meus
969 2612 1093 2653 mecum
1116 2590 1156 2653 ad
1178 2613 1270 2654 omne
1292 2612 1385 2657 tuum
1411 2597 1443 2659 in

496 2688 635 2754 Domino
645 2701 815 2774 promptus
828 2689 1029 2774 obsequium.
1061 2691 1169 2766 Quum
1184 2702 1289 2755 autem
1306 2693 1348 2757 ad
1362 2717 1444 2780 prae·

496 2815 565 2856 sens
576 2789 664 2854 aliud
676 2811 882 2875 nequeamus,
893 2789 1091 2855 salutationis
1100 2803 1131 2855 et
1141 2791 1319 2858 devotionis
1327 2816 1444 2863 munus

495 2896 668 2971 offerimus,
695 2916 752 2979 per
782 2902 813 2956 te
843 2893 984 2959 dicentes
1009 2893 1144 2959 salutem
1175 2895 1291 2981 quibus
1319 2901 1444 2965 noveris

495 2998 655 3084 expedire,
687 3008 718 3059 et
749 2993 934 3059 nominatim
963 2995 1084 3059 clericis
1113 2996 1205 3072 aulae,
1232 2998 1289 3082 qui
1318 3022 1375 3063 nec
1404 3023 1444 3064 ex

494 3102 620 3163 nomine
636 3097 901 3162 excommunicati
920 3113 1004 3176 sunt,
1020 3122 1076 3163 nec
1100 3100 1443 3166 excommunicatorum

495 3200 746 3287 participatione.
