3875 5725
563 863 625 920 204
827 875 962 919 mamus
979 875 1256 921 saansaanrnusrs
1421 859 1468 934 [a.
1485 877 1516 920 n.

583 1083 804 1146 EPISTOLA
828 1041 1052 1146 exuli—ro
1068 1101 1266 1145 uaersrnun
1281 1101 1492 1147 nuurarnuu

858 1203 945 1247 Bovr.
996 1183 1040 1263 [A.
1058 1204 1089 1247 n.
1109 1185 1216 1263 1165]

791 1321 949 1400 Maytstro
966 1319 1139 1402 Hunfrido
1154 1320 1244 1383 Booi.

604 1449 629 1509 A
659 1464 820 1510 sarruura
847 1444 1055 1530 quaerendum
1079 1467 1149 1507 esse
1173 1448 1356 1525 consilium,
1378 1448 1513 1532 scriptu-

560 1569 664 1612 rarum
680 1547 803 1612 monita
817 1548 947 1621 docent,
959 1560 991 1610 et
1007 1546 1105 1608 fidem
1120 1548 1294 1610 amicorum
1309 1549 1341 1610 iu
1358 1552 1513 1632 angustiis

563 1650 853 1734 comprobandam3
880 1660 911 1711 et
937 1670 1002 1733 qua
1033 1649 1104 1732 quis
1126 1671 1201 1730 erga
1226 1650 1324 1712 alium
1351 1662 1515 1715 mereatur

559 1751 739 1827 affectione,
752 1751 904 1814 articulus
915 1749 1115 1813 necessitatis
1125 1751 1295 1813 examinat.
1321 1752 1428 1823 Quum
1439 1775 1512 1816 vero

558 1852 782 1917 minusdubito
793 1852 997 1936 desapientia
1005 1865 1217 1935 vestra‚quam
1225 1853 1397 1915 litterarum
1405 1855 1510 1937 copia,

559 1967 627 2019 tum
649 1975 753 2018 rerum
777 1954 975 2036 experientia
996 1956 1212 2035 comparastis,
1235 1967 1312 2027 tum,
1337 1956 1424 2038 quod
1446 1957 1512 2041 pri·

558 2079 647 2120 mum
662 2067 719 2133 est,
734 2054 920 2138 suscepistis
936 2075 978 2116 ex
1001 2055 1120 2134 gratia3
1150 2077 1210 2117 nec
1234 2054 1274 2117 de
1290 2077 1328 2118 ea
1350 2057 1438 2140 apud
1453 2079 1510 2121 vos

559 2179 653 2243 quam
679 2167 791 2219 natura
817 2164 849 2216 et
876 2154 973 2217 virtus
999 2164 1102 2217 vestra
1129 2157 1237 2218 multis
1267 2159 1401 2238 probata
1431 2159 1510 2221 mihi

556 2259 759 2343 pollicentur,
775 2253 905 2319 caritate
929 2255 1051 2318 diffide.
1096 2257 1178 2320 Inde
1201 2258 1360 2341 estquod
1383 2261 1507 2322 avobis

555 2362 588 2423 in
604 2358 701 2441 hujus
715 2378 794 2418 meae
809 2356 1009 2419 necessitatis
1032 2355 1166 2419 articulo
1190 2359 1357 2421 consilium
1381 2370 1507 2441 petens,

554 2481 667 2546 precor
689 2457 850 2533 attemius,
873 2444 1025 2540 quatinus
1046 2459 1125 2520 mihi
1151 2480 1207 2540 per
1229 2460 1386 2535 nuntium,
1409 2482 1505 2543 quem

555 2560 596 2625 ad
626 2558 789 2622 dominum
819 2557 1029 2620 Baiocensem
1057 2559 1170 2634 direxi,
1197 2580 1293 2641 super
1321 2572 1405 2624 statu
1435 2583 1506 2624 meo

554 2661 748 2734 rescribatis,
760 2659 847 2743 quod
864 2659 952 2721 salva
966 2659 1134 2723 honestate
1150 2661 1218 2723 sine
1234 2683 1297 2744 qua
1311 2662 1391 2724 nihil
1407 2682 1504 2744 expe-

553 2765 644 2828 diens
655 2762 798 2838 arbitror,
808 2760 948 2823 maxime
962 2760 1124 2824 videbitur
1138 2762 1301 2843 expedire.
1343 2764 1387 2826 Ut
1397 2774 1503 2825 autem

553 2867 593 2931 de
608 2864 744 2929 consilio
756 2862 862 2926 dando
877 2860 1004 2943 plenius
1015 2863 1225 2941 instruamini,
1237 2885 1334 2926 causa
1349 2887 1421 2928 mea
1431 2866 1501 2928 haec

552 2976 609 3029 est.

592 3066 750 3131 Ecclesiae
781 3076 813 3128 et
842 3065 1084 3148 archiepiscopo
1110 3066 1331 3130 Cautuarieusi
1361 3067 1500 3130 debitam

549 3169 671 3232 servavi
686 3165 794 3245 fidem,
809 3175 841 3228 et
856 3167 885 3228 ei
900 3168 955 3228 ubi
972 3167 1099 3249 justitia
1121 3179 1152 3230 et
1175 3167 1331 3231 modestia
1344 3168 1498 3233 rideban-

549 3283 599 3334 tur
624 3268 745 3343 adesse,
768 3277 800 3330 et
824 3268 857 3327 in
885 3268 1011 3348 Anglia,
1037 3281 1070 3330 et
1094 3270 1126 3330 in
1153 3270 1296 3353 partibus
1322 3272 1498 3334 cismarinis

547 3370 684 3433 fideliter
698 3368 793 3430 astiti.
839 3368 950 3430 Sicubi
967 3390 1040 3431 vero
1054 3382 1109 3433 aut
1124 3373 1303 3435 exorbitare
1326 3395 1346 3435 a
1362 3372 1497 3457 justitia,

545 3480 599 3536 aut
620 3468 752 3531 modum
773 3465 929 3531 excedere
947 3469 1122 3551 videbatur,
1139 3474 1240 3536 restiti
1262 3475 1292 3537 ci
1315 3476 1347 3537 in
1371 3475 1496 3539 faciem.

544 3575 671 3637 Horum
687 3569 765 3631 mihi
781 3571 871 3633 Deus
887 3572 977 3634 testis
993 3583 1051 3649 est,
1066 3584 1099 3636 et
1113 3577 1321 3649 conscientia,
1337 3589 1369 3640 et
1391 3575 1496 3653 amici,

543 3683 575 3736 et
597 3670 687 3747 socii,
710 3670 766 3753 qui
787 3671 957 3733 nobiscum
981 3674 1093 3736 versati
1119 3687 1201 3738 sunt.
1248 3678 1286 3739 ln
1312 3677 1363 3740 his
1389 3686 1494 3739 autem

543 3773 692 3839 omnibus
716 3783 825 3835 contra
846 3769 1000 3837 honorem
1024 3775 1156 3839 domiuo
1180 3778 1245 3857 regi
1268 3777 1421 3852 debitum,
1440 3785 1496 3836 aut

542 3878 724 3952 utilitatem,
753 3895 796 3937 ex
833 3876 999 3959 proposito
1028 3878 1109 3940 nihil
1138 3878 1211 3952 feci,
1242 3879 1325 3941 sicut
1354 3875 1494 3937 dictante

535 3978 662 4065 justitia
678 3976 795 4040 docere
807 3990 935 4059 paratus
947 3999 1028 4057 sum,
1038 3979 1065 4041 si
1076 3981 1213 4041 liberum
1226 3989 1258 4040 et
1267 3986 1370 4038 tutum
1383 3977 1493 4039 suerit:

541 4090 596 4144 aut
610 4080 639 4142 si
653 4080 686 4140 in
702 4078 810 4161 aliquo
824 4079 984 4142 invenirer
998 4081 1169 4155 obnoxius,
1184 4077 1346 4155 condigne
1368 4088 1400 4139 et
1422 4079 1491 4140 ani·

539 4202 592 4244 mo
606 4180 720 4244 libenti
740 4180 941 4243 satisfaciam.
987 4182 1171 4241 Tractatum
1193 4190 1241 4239 est
1262 4178 1324 4240 hoc
1342 4200 1427 4241 anno
1450 4179 1490 4243 de

539 4304 619 4365 pace
641 4303 723 4355 mea,
747 4291 779 4342 et
803 4283 968 4341 obtentum
992 4291 1040 4341 est
1065 4302 1084 4340 a
1108 4300 1193 4359 rege,
1214 4290 1251 4342 ut
1276 4281 1354 4343 mihi
1379 4282 1490 4345 liceret

535 4383 647 4456 redire,
675 4380 701 4443 si
726 4380 818 4441 tactis
844 4378 962 4439 sanctis
982 4377 1090 4459 jurare
1114 4380 1239 4457 vellem,
1262 4380 1350 4464 quod
1376 4394 1488 4444 contra

534 4482 687 4545 honorem
710 4478 758 4540 rel
782 4476 952 4540 utilitatem
976 4477 1046 4561 ejus
1068 4500 1132 4542 non
1151 4480 1264 4543 fuerim
1286 4482 1319 4544 in
1341 4480 1484 4565 partibus
