3875 5725
568 806 631 864 296
829 818 967 864 rotulus
983 819 1261 863 sanusnnnmnsrs
1402 799 1471 878 ·[u.
1494 818 1529 861 n.

571 991 636 1032 non
662 982 807 1052 possunt,
831 992 939 1034 eorum
969 972 1151 1032 minuantur
1174 970 1266 1043 vires,
1289 977 1321 1031 et
1350 977 1530 1031 evanescat

571 1070 750 1132 auctoritas.
810 1071 909 1143 Quod
940 1070 1076 1133 audistis
1106 1069 1145 1131 de
1175 1069 1296 1146 Siculo,
1319 1069 1528 1131 salsissimum

571 1189 640 1232 esse
667 1169 778 1232 dicunt
803 1172 919 1233 milites
942 1171 1128 1246 Remenses,
1150 1169 1204 1251 qui
1228 1167 1426 1251 stipendiarii
1452 1167 1530 1250 ejus

570 1269 697 1332 fuerunt
712 1291 796 1332 anno
811 1272 946 1350 integro,
962 1283 994 1334 et
1009 1270 1113 1354 pridie
1129 1271 1246 1332 reversi
1261 1280 1345 1332 sunt.

613 1368 709 1438 Quod
718 1369 764 1430 illi
776 1390 841 1431 non
852 1371 1019 1447 evitantur,
1029 1391 1109 1452 quos
1119 1369 1267 1431 dominus
1279 1369 1528 1432 Cantuariensis

570 1464 768 1529 denuntiavit
790 1468 1098 1544 excommunicatos,
1120 1489 1185 1529 non
1209 1478 1274 1530 tam
1294 1469 1399 1550 ipsum
1422 1468 1528 1540 laedit,

573 1587 669 1648 quam
692 1588 746 1629 eos
770 1568 825 1650 qui
848 1567 894 1629 eis
917 1568 1165 1630 communicant.
1212 1566 1281 1650 Ipsi
1299 1567 1436 1632 viderint
1457 1590 1528 1651 qua

572 1667 768 1729 conscientia
780 1667 1030 1743 communicent,
1042 1678 1074 1730 et
1088 1668 1143 1749 qui
1155 1668 1421 1730 excommunicati
1436 1682 1526 1746 sunt,

571 1787 637 1848 qua
665 1767 849 1830 innocentia
874 1778 929 1831 aut
954 1778 1082 1861 negent,
1108 1780 1163 1830 aut
1191 1777 1349 1831 excusent
1379 1768 1528 1846 crimina,

572 1887 643 1948 quae
658 1867 706 1929 eis
721 1868 947 1950 impinguntur.
984 1868 1058 1948 Ego
1073 1868 1141 1930 scio
1156 1867 1242 1951 quod
1253 1889 1358 1950 neque
1373 1871 1408 1931 in
1418 1869 1526 1932 feren·

572 1964 614 2028 da
630 1970 788 2031 sententia
802 1990 943 2050 praesens
958 1969 1013 2047 fui,
1029 1990 1134 2052 neque
1155 1970 1195 2031 de
1211 1969 1346 2032 consilio
1368 1991 1451 2047 meo,
1467 1981 1528 2036 aut

571 2068 612 2131 de
634 2071 833 2134 conscientia
862 2073 926 2134 lata
952 2080 1009 2149 est,
1032 2081 1065 2133 et
1092 2071 1242 2149 necdum,
1265 2071 1407 2135 Domino
1428 2085 1525 2153 teste,

572 2172 728 2254 quosdam
754 2194 874 2252 eorum,
899 2173 954 2257 qui
984 2175 1086 2236 notati
1117 2183 1202 2250 sunt,
1226 2174 1312 2250 novi,
1335 2193 1408 2250 nec,
1433 2177 1524 2258 quod

572 2274 781 2349 meminerim,
810 2274 885 2336 vidi.
941 2274 1089 2335 Tentabo
1123 2274 1243 2356 utique,
1275 2282 1310 2336 nt
1343 2276 1524 2354 consulitis,

570 2371 846 2454 archiepiscopum
861 2374 991 2435 flectere
1003 2394 1062 2455 pro
1074 2373 1302 2436 archidiacono
1312 2374 1525 2454 Pictariensi,

570 2472 714 2534 sitamen
728 2469 957 2550 intellexeritis,
970 2473 1057 2556 quod
1069 2474 1110 2536 ad
1126 2495 1238 2556 pacem
1250 2475 1407 2538 Ecclesiae
1418 2477 1524 2558 possit

569 2571 725 2654 proficere
739 2574 829 2635 labor
851 2594 950 2635 meus.
997 2575 1149 2658 Alioquin
1171 2579 1360 2657 probrosum
1381 2591 1467 2640 esset
1489 2590 1523 2641 et

569 2683 661 2754 turpe
676 2684 797 2756 patrem
813 2675 1056 2752 circumvenire,
1070 2688 1102 2738 et
1117 2676 1292 2739 dominum.
1337 2676 1401 2739 Sed
1418 2678 1522 2741 nostis

572 2773 775 2857 quod,quum
787 2776 848 2839 hoc
858 2778 898 2838 ab
908 2797 995 2839 anno
1006 2777 1166 2859 praeterito
1176 2777 1410 2856 egerimusnec
1421 2781 1523 2843 semel

568 2876 662 2939 nobis
676 2898 865 2960 responsum
881 2888 930 2940 est
947 2879 989 2939 ab
1011 2878 1239 2941 archidiacono
1254 2881 1385 2941 verbnm
1407 2901 1522 2943 unum.

569 2976 622 3038 De
643 2977 754 3039 itinere
776 2987 882 3039 autem
905 2987 1010 3039 restro
1033 2976 1111 3058 quid
1133 2978 1298 3039 consulam
1319 2979 1439 3056 nescio,
1461 2982 1522 3043 sed

570 3076 630 3138 iter
645 3079 777 3159 praecise
792 3076 955 3152 dictarem,
969 3075 1033 3137 nisi
1048 3076 1201 3158 quianon
1216 3076 1311 3139 video
1327 3079 1489 3160 quomodo
1504 3102 1525 3144 a

570 3177 742 3258 participio
783 3177 1135 3239 excommunicatorum
1174 3176 1306 3257 possitis
1349 3180 1521 3243 abstinere.

572 3278 657 3339 Nam
677 3276 763 3358 quod
786 3278 977 3339 sententiam
999 3287 1190 3353 meruerunt,
1206 3278 1296 3339 vobis
1313 3280 1525 3362 aliquatenus,

571 3376 628 3437 sed
657 3376 720 3437 illis
747 3397 789 3437 ex
814 3377 997 3439 testimonio
1026 3378 1230 3441 conscientiae
1259 3379 1386 3460 plenius
1410 3382 1522 3464 liquet.

569 3477 666 3550 Eum,
682 3475 737 3555 qui
753 3476 889 3537 seminat
911 3477 1087 3540 discordias
1110 3479 1193 3540 inter
1213 3478 1324 3541 fratres
1347 3480 1522 3545 detestetur

568 3574 675 3638 anima
700 3572 849 3634 Domini:
891 3574 969 3655 qnid
995 3596 1178 3656 ergoenm,
1200 3577 1349 3660 quicum
1373 3578 1521 3643 ldumaeo

568 3676 702 3738 satellite
716 3673 916 3756 persequitur
931 3676 1122 3755 sacerdotes,
1137 3691 1170 3741 et
1189 3678 1382 3741 tabernaculi
1405 3678 1525 3744 Domi.

568 3778 603 3838 ni
619 3773 787 3838 succendit
801 3768 918 3851 vicum,
933 3786 965 3838 et
979 3777 1086 3858 gladio
1108 3778 1261 3861 principis
1283 3779 1316 3841 in
1338 3779 1518 3843 Leviticum

569 3876 713 3939 ordinem
729 3875 955 3941 debacchatur.
995 3877 1036 3942 In
1051 3880 1113 3943 hoc
1127 3900 1202 3960 ergo
1214 3880 1349 3941 articulo
1361 3879 1518 3941 consulite

569 3977 808 4051 conscientiam,
838 3986 870 4038 et
897 3978 1037 4060 aliquem
1065 3979 1247 4057 religiosum
1277 3986 1310 4037 et
1343 3974 1515 4038 discretum

569 4075 719 4137 arbitrum
734 4075 901 4138 adhibete:
926 4088 959 4138 et
975 4097 1073 4160 quum
1085 4072 1257 4137 effuderitis
1268 4092 1323 4133 cor
1333 4081 1470 4135 vestrum
1482 4076 1517 4139 in

568 4184 744 4253 conspectu
760 4174 839 4256 ejus,
853 4176 1022 4258 sequimini
1044 4172 1130 4254 quod
1152 4169 1312 4232 Dominus
1333 4172 1513 4255 inspirabit.

569 4266 604 4332 Si
620 4292 692 4333 vero
708 4294 764 4335 vos
778 4274 819 4335 ad
842 4273 971 4345 curiam,
986 4269 1193 4331 suadentibus
1215 4270 1328 4334 amicis
1346 4274 1514 4356 contigerit

566 4369 739 4451 proficisci,
761 4369 996 4441 archidiacono,
1010 4388 1105 4450 quem
1127 4367 1271 4450 diligitis,
1290 4383 1322 4436 et
1344 4397 1415 4456 ego,
1437 4398 1514 4459 qua·
