3875 5725
585 865 647 925 160
833 875 969 921 romnus
987 872 1264 918 saansaaarsssrs
1441 853 1485 933 [a.
1503 870 1534 914 n.

580 1031 690 1114 itaque
704 1027 879 1112 dignationi
896 1038 1020 1100 vestrae,
1038 1047 1138 1110 nsque
1160 1023 1200 1088 ad
1216 1023 1343 1088 illorum
1360 1023 1534 1088 adventum

579 1154 706 1196 causam
730 1130 954 1194 monachorum
980 1127 1079 1191 sancti
1100 1128 1234 1207 Bertini,
1249 1141 1281 1191 et
1304 1127 1432 1191 Osberti
1448 1127 1534 1191 Ebo-

581 1254 644 1297 rac.
667 1232 787 1297 archid.
804 1244 836 1296 et
854 1230 880 1294 si
896 1251 962 1317 qua
977 1251 1045 1308 nos,
1059 1242 1090 1292 et
1106 1251 1239 1312 regnum
1267 1227 1392 1313 Angliae
1407 1230 1535 1315 negotia

580 1333 780 1419 contingunt,
795 1331 1004 1419 suspendere:
1034 1334 1183 1415 quoniam
1200 1330 1247 1393 illi
1262 1353 1358 1416 snper
1369 1331 1419 1394 his
1433 1335 1534 1396 omui·

579 1436 642 1499 bus
657 1433 875 1499 discretionem
893 1445 1029 1498 vestram
1044 1431 1162 1496 facient
1177 1430 1353 1512 certiorem,
1367 1446 1398 1496 et
1414 1432 1533 1496 auditis

578 1537 624 1601 eis
649 1536 689 1600 ad
713 1536 850 1622 singula,
879 1535 1018 1600 Domino
1047 1534 1200 1620 propitio,
1226 1534 1331 1600 tutius
1361 1548 1391 1598 et
1422 1534 1532 1598 utilius

576 1640 769 1726 procedetis.

753 1862 977 1927 EPISTOLA
1000 1862 1178 1926 CXL-no
1194 1878 1348 1924 suuouu.

817 2013 959 2075 Domino
974 2012 1076 2091 Papa
1093 2012 1284 2074 Aleoeandro.

623 2149 773 2211 Panassa
786 2143 979 2228 opinionem,
995 2155 1026 2205 et
1041 2154 1152 2206 contra
1162 2165 1260 2228 spem,
1274 2143 1390 2208 litterae
1405 2157 1529 2221 vestrae,

577 2269 714 2333 quarum
725 2244 872 2330 jucunda
883 2244 961 2308 solet
976 2267 1043 2307 csse
1052 2242 1228 2329 conceptio,
1240 2246 1331 2310 nobis
1346 2247 1528 2310 moestitiam

578 2348 764 2413 attulerunt.
810 2347 916 2423 Quum
947 2346 1030 2409 enim
1061 2345 1102 2409 ad
1134 2346 1271 2410 Galliam
1301 2371 1374 2411 cnm
1405 2371 1529 2414 summo

577 2445 1529 2534 desideriopraestolaremuradventumvestrum‚accepimns

578 2572 634 2614 vos
656 2549 697 2613 ad
721 2548 845 2619 urbem,
869 2546 991 2611 utinam
1015 2547 1205 2612 salubriter!
1236 2571 1304 2614 esse
1323 2572 1475 2624 reversos,
1498 2561 1531 2613 et

577 2650 644 2738 spei
665 2663 782 2714 nostrae
805 2652 849 2714 sic
874 2662 1059 2714 evacuatam
1081 2673 1148 2714 esse
1173 2651 1328 2717 laetitiam
1374 2655 1532 2718 Praeterea

577 2755 746 2841 petitiones
775 2762 890 2817 nostroe
920 2766 1091 2817 caruerunt
1121 2753 1246 2833 effectu,
1273 2754 1348 2840 quia
1372 2755 1530 2819 Scriniarii

579 2856 688 2934 vestri,
708 2869 744 2922 ut
767 2855 945 2943 scripsistis,
966 2870 1090 2922 nostras
1105 2855 1188 2921 forte
1206 2856 1328 2921 litteras
1348 2857 1530 2922 amiserunt.

579 2959 648 3023 Nos
662 2972 767 3024 autem
782 2959 944 3045 quomodo
958 2980 1125 3045 possumus
1143 2959 1347 3024 acerbitatem
1364 2960 1531 3046 utriusque

578 3060 744 3125 infortunii
774 3060 959 3139 relevantes,
988 3062 1118 3124 nuntios
1152 3060 1209 3146 qui
1241 3084 1295 3124 vos
1325 3061 1393 3125 vice
1422 3075 1529 3125 nostra

580 3162 718 3236 visitent,
741 3171 773 3224 et
799 3163 978 3225 litterarum
1006 3163 1121 3226 damna
1146 3176 1336 3241 restaurent,
1360 3164 1420 3227 sub
1444 3165 1530 3227 omni

578 3262 738 3326 celeritate
753 3261 908 3325 adsedem
925 3262 1130 3348 apostolicam
1143 3262 1357 3328 destinamus:
1383 3280 1529 3349 rogantes

579 3376 615 3427 ut
644 3386 770 3426 causam
794 3363 1021 3426 monachorum
1052 3364 1150 3427 sancti
1177 3366 1314 3442 Bertini‚
1338 3380 1368 3431 et
1399 3367 1528 3430 Osberti

577 3466 789 3531 Eboracensis
798 3464 1020 3544 archidiaconi,
1032 3477 1063 3530 et
1078 3465 1104 3529 si
1116 3464 1231 3551 quoad
1244 3489 1312 3543 nos,
1328 3466 1378 3530 vel
1394 3489 1527 3551 regnum

578 3568 706 3653 Angliae
721 3566 848 3652 negotia
863 3578 1018 3652 spectant,
1034 3590 1135 3653 usque
1150 3567 1190 3630 nd
1205 3567 1332 3632 illorum
1354 3569 1527 3633 adventum

574 3670 719 3757 protrahi
742 3668 874 3733 faciatis.
926 3668 995 3732 Illis
1011 3673 1093 3734 enirn
1118 3669 1248 3749 auditis,
1271 3684 1400 3735 auctore
1416 3673 1528 3735 Domi-

579 3796 633 3851 no,
649 3770 774 3858 singula
789 3769 947 3834 salubrius
963 3772 1119 3835 statuetis.

726 4080 948 4143 EPISTOLA
972 4080 1168 4144 CXIL-au
1183 4098 1375 4143 nnuunauu.

511 4294 512 4297 ,
578 4230 690 4292 Amt'co
704 4246 762 4289 suo
782 4228 946 4290 carissimo
960 4230 1115 4308 magistro
1133 4230 1275 4313 arnulfo
1288 4253 1369 4296 suus
1385 4235 1531 4299 Joannea

706 4329 856 4402 salutem,
872 4337 903 4391 et
918 4348 1001 4391 oerae
1019 4330 1195 4395 dilectionis
1210 4334 1401 4416 obsequium.

622 4467 794 4528 Domuum
813 4461 1033 4526 cancellarium
1056 4463 1119 4527 scio
1139 4469 1366 4552 emergentium
1389 4470 1530 4535 tumultu
