3875 5725
577 858 617 914 72
835 870 972 914 tornius
989 866 1271 912 saarsnunmnsrs
1438 846 1484 926 [n.
1501 865 1534 908 n.

582 1019 701 1104 agitur,
727 1042 809 1103 quos
836 1042 891 1081 vos
922 1020 1078 1101 sapientes
1104 1017 1234 1101 spiritus
1264 1013 1443 1099 prophetiae
1469 1036 1531 1078 non
1587 1053 1590 1060 ·

584 1143 706 1206 semper
728 1120 878 1184 illustrat.
926 1118 1033 1182 Facile
1056 1134 1161 1182 tamen
1184 1115 1373 1181 crediderim
1396 1116 1536 1181 Lexovi-

585 1245 684 1300 enses,
699 1243 798 1307 quum
815 1220 953 1305 plurima
968 1223 1079 1294 sciant,
1095 1232 1127 1283 et
1149 1241 1363 1303 quaecumque
1378 1217 1535 1283 voluerint

584 1322 784 1406 eloquantur,
800 1344 866 1384 esse
881 1320 1016 1384 divinos.
1063 1319 1218 1405 Nunquid
1235 1342 1311 1404 ergo
1326 1343 1366 1382 ex
1382 1343 1536 1403 quacum·

586 1446 648 1508 que
664 1446 758 1486 causa
773 1446 852 1486 ausu
869 1422 1036 1487 temerario
1051 1420 1237 1484 contendam
1255 1433 1373 1496 tecum,
1389 1421 1446 1507 qui
1462 1444 1536 1485 auc-

585 1524 713 1588 toritate
729 1538 760 1588 et
777 1523 889 1586 merito
912 1522 1160 1588 Lexoviensibus
1183 1522 1328 1608 patribus
1343 1521 1533 1608 adaequaris.

585 1626 716 1692 Domini
746 1627 772 1689 si
802 1624 932 1710 quidem
968 1624 1182 1688 Lexovienses
1213 1637 1320 1707 patres
1348 1645 1409 1686 uon
1439 1623 1535 1686 modo

584 1726 814 1811 eloquentium,
824 1726 876 1788 sed
888 1724 1078 1811 eloquentiae
1087 1722 1323 1807 quodammodo
1334 1736 1418 1787 sunt.
1451 1723 1533 1787 Nam

584 1851 683 1914 quum
700 1827 976 1892 Aureliacensibus
998 1825 1055 1911 qui
1073 1824 1244 1888 multarum
1261 1845 1365 1888 rerum
1389 1823 1532 1908 peritiam

583 1944 613 1993 et
631 1952 722 1993 usum
740 1930 868 2007 habent,
883 1942 1053 2013 aequentur
1067 1927 1101 1989 in
1118 1925 1275 2011 plurimis,
1285 1924 1318 1988 in
1333 1948 1371 1988 eo
1384 1924 1532 1990 facillime

582 2031 783 2104 antecedunt,
800 2029 888 2114 quod
910 2029 962 2092 hic
984 2045 1158 2092 nascuntur
1180 2040 1212 2091 et
1235 2027 1317 2090 liunt
1339 2025 1534 2112 eloquentes,

582 2130 661 2193 adeo
684 2131 812 2216 quidem
830 2144 866 2193 ut
888 2152 1012 2193 omnem
1036 2142 1162 2192 aetatem
1186 2141 1218 2192 et
1241 2150 1350 2192 sexum
1374 2127 1532 2213 genuinus

582 2232 772 2316 eloquentiae
789 2255 865 2295 usus
879 2232 1014 2310 imbuat,
1028 2247 1059 2295 et
1073 2230 1231 2293 informet.
1278 2229 1365 2302 Quid
1383 2251 1460 2313 ergo
1474 2229 1532 2291 im-

583 2330 748 2415 peditioris
761 2333 878 2415 linguae
891 2333 1073 2406 homuncio,
1086 2331 1219 2394 torrenti
1231 2344 1329 2393 tantae
1340 2329 1530 2414 eloquentiae

580 2433 801 2518 respondebo?
832 2435 922 2498 Licet
938 2447 1045 2496 autem
1060 2454 1215 2518 nequeam
1232 2431 1272 2494 de
1292 2432 1361 2517 pari
1375 2432 1530 2505 resistere,

581 2549 686 2597 tamen
703 2535 821 2620 quibus
837 2558 886 2598 mc
902 2533 1060 2597 immerito
1071 2532 1212 2596 inustum
1228 2531 1460 2616 perstrinxeris,
1472 2531 1529 2595 im·

581 2657 666 2718 pune
689 2635 770 2698 sorte
793 2655 977 2719 percurrere
1000 2632 1106 2694 licebit
1124 2631 1218 2693 venia
1239 2631 1419 2715 impetrata.
1465 2632 1529 2694 Ac·

580 2759 672 2799 cusas
686 2736 794 2821 itaque
817 2736 1062 2799 diuturnitatem
1086 2734 1202 2797 silentii
1225 2735 1297 2810 mei,
1313 2756 1416 2798 nonne
1438 2732 1529 2797 silere

578 2838 699 2903 licitum
716 2843 786 2903 est?
816 2841 880 2903 imo
895 2852 926 2902 et
940 2838 1066 2923 justum
1083 2836 1170 2922 apud
1190 2833 1358 2923 sapientes,
1374 2849 1404 2900 et
1421 2837 1529 2901 facun-

577 2939 645 3019 dos,
660 2963 732 3003 eum
757 2942 812 3025 qui
828 2940 1039 3025 impeditioris
1062 2939 1179 3021 linguae
1194 2952 1252 3015 est,
1268 2951 1299 3001 et
1322 2938 1419 3002 animi
1433 2941 1526 3003 obtu-

577 3042 676 3105 sioris.
720 3042 831 3105 Nonne
848 3044 874 3104 si
888 3039 1089 3125 frequentius
1104 3038 1255 3124 loquatur
1270 3052 1326 3103 aut
1340 3040 1469 3116 scribat,
1484 3040 1526 3102 ad

578 3143 646 3206 haec
662 3142 766 3205 minus
781 3143 924 3220 idoneus,
940 3164 1030 3204 suam
1045 3141 1249 3223 ignominiam
1270 3140 1456 3222 denudabit,
1470 3156 1525 3207 aut

577 3243 802 3328 perpetuabit?
826 3246 1005 3306 Transeunt
1021 3242 1102 3304 enim
1119 3265 1193 3326 quae
1209 3242 1368 3318 dicuntur,
1381 3242 1435 3306 sed
1452 3267 1526 3329 quae

576 3342 694 3426 scripta
710 3355 782 3405 sunt
798 3356 995 3427 permanent.
1041 3340 1107 3414 Qui
1126 3356 1231 3406 tamen
1248 3355 1279 3407 te
1301 3344 1371 3427 ipso
1394 3347 1526 3409 tacitur-

576 3443 646 3505 nior
673 3443 792 3520 videor,
820 3443 890 3522 tibi,
912 3445 968 3528 qui
996 3444 1147 3508 scribenti
1174 3444 1313 3508 rescribo
1338 3466 1472 3529 semper,
1494 3460 1527 3511 et

575 3543 733 3607 interdum
750 3544 868 3629 scripto
890 3545 1050 3629 praerenio
1067 3558 1095 3608 te
1111 3543 1310 3629 scripturum.
1358 3544 1420 3607 Sed
1442 3545 1525 3610 forte

574 3642 724 3706 illiterata
739 3644 834 3707 facies
850 3644 1039 3717 litterarum,
1056 3657 1088 3707 et
1111 3644 1208 3707 aridae
1224 3643 1342 3729 linguae
1364 3645 1450 3708 color
1471 3670 1525 3709 ex-

574 3745 699 3829 anguis,
727 3744 984 3830 scripturientem
1010 3764 1066 3810 aut
1093 3746 1314 3811 dicturientem
1341 3747 1525 3833 exprimunt

574 3849 680 3932 potius
693 3872 788 3933 quarn
803 3850 989 3913 scribentem
1002 3848 1134 3933 aliquid,
1146 3861 1203 3911 aut
1215 3845 1382 3912 dicentem.
1419 3854 1523 3914 Recte

574 3949 703 4031 quidem
719 3952 762 4013 sic
779 3952 867 4013 dicor
889 3949 1027 4034 elinguis
1042 3963 1099 4013 aut
1122 3962 1241 4024 mutus,
1258 3972 1357 4033 quum
1374 3962 1404 4011 et
1429 3949 1524 4012 simili

575 4050 743 4112 verborum
760 4053 917 4115 schemate
937 4052 1019 4114 male
1034 4052 1170 4115 formata
1194 4050 1307 4114 mulier
1328 4047 1454 4113 dicatur
1476 4050 1524 4112 in-

574 4150 697 4224 formis,
721 4166 752 4213 et
779 4152 894 4215 litterae
920 4177 995 4238 quae
1022 4151 1186 4217 minimum
1215 4164 1338 4227 sonant,
1362 4166 1523 4215 mutarum

575 4250 701 4312 nomine
735 4268 930 4315 censeantur.
984 4256 1144 4318 Caeterum
1183 4253 1409 4318 taciturnitatis
1446 4276 1525 4315 meae

574 4352 665 4416 aliam
690 4353 843 4436 exprimis
865 4377 1002 4430 causam,
1019 4371 1132 4419 notans
1154 4355 1358 4440 supercilium
1381 4353 1525 4418 elationis

574 4475 662 4531 meae,
674 4453 731 4546 qui
749 4451 788 4515 de
804 4452 919 4515 throno
934 4455 1110 4538 potestatis,
1124 4477 1189 4539 qua
1205 4477 1254 4517 me
1271 4456 1318 4519 uti
1331 4454 1436 4538 fingis,
1447 4453 1524 4517 ami-
